3802 6126
143 246 196 306 ilii

141 358 309 433 tlaguiileats
319 357 462 414 Dominum
478 374 597 424 meeum,

175 465 203 510 et
216 455 365 508 exaltemus
376 466 473 507 nontett
486 451 544 519 ejus
560 448 672 520 pariter.

145 546 255 614 patasini
267 546 420 607 Dominum,
436 546 464 598 ei
478 545 614 599 exaudivit
624 561 678 602 ure.

176 650 204 695 et
217 639 251 693 de
265 638 390 692 uutttibus
404 638 533 705 augustiis
546 636 611 690 meis

176 730 297 785 liberarit
310 738 363 783 me.

140 822 252 878 Garstate
267 830 294 875 et
306 821 405 883 videte,
418 820 543 888 quoniam
559 815 699 871 bonusest
716 816 856 870 Dominis.

176 914 272 967 Beatus
286 911 327 966 air
340 911 386 980 qui
398 919 492 980 sperat
506 911 533 965 in
549 926 594 964 eo.

139 1005 243 1059 Timete
258 1002 507 1070 Dominum‚umues
519 1002 603 1057 saneti
618 999 689 1070 ejus,

173 1096 304 1162 Quoniam
319 1110 373 1150 nott
385 1105 428 1150 est
442 1095 532 1161 inopia
545 1094 700 1150 timentibus
711 1094 785 1150 eum.

138 1189 323 1258 Quareutibns
334 1198 421 1242 autem
439 1172 583 1243 Dominum
742 1183 745 1189 ’

174 1298 227 1337 ttou
239 1282 323 1337 deerit
333 1297 414 1338 omne
425 1283 536 1340 bouum.

138 1373 264 1428 Dominus
273 1369 485 1427 ettstndit'omuia
498 1388 557 1426 usta
573 1388 674 1443 eurum,

174 1480 255 1519 utrum
265 1479 298 1519 ex
314 1463 423 1519 bisunu
438 1462 633 1532 euuiriugetur.

142 1557 263 1611 itedimet
277 1556 404 1611 Dominus
418 1557 521 1609 animas
533 1570 672 1610 seruorum
683 1569 804 1609 suorum.

141 1648 243 1710 ludica,
256 1646 378 1712 Domine,
391 1646 560 1722 aduersarios
576 1662 660 1713 meos,

174 1753 260 1808 pugna
274 1746 369 1793 contra
382 1744 530 1807 pugnantes
544 1736 599 1790 me.

138 1829 316 1898 apprehende
325 1837 429 1882 scutum
442 1833 471 1882 et
485 1826 605 1893 basiam,

171 1931 198 1975 et
212 1933 343 1989 consurge
358 1919 384 1973 in
399 1918 528 1974 auxilinm
540 1922 643 1981 mettm,

173 2012 219 2067 Die
232 2013 328 2067 animae
342 2026 421 2080 meae,
438 2010 517 2067 Salus
529 2020 573 2065 ttta
587 2025 638 2081 ego
648 2026 719 2066 suna.

137 2104 232 2160 Anima
243 2116 333 2158 autem
348 2117 408 2158 mea
422 2103 569 2158 exsultabit
581 2102 608 2158 in
621 2103 744 2171 Domino,

171 2195 301 2249 laetabitur
316 2195 342 2248 itt
356 2194 443 2250 salute
457 2190 513 2249 ma.

136 2284 289 2340 Caruiltebor
300 2284 348 2340 tibi
362 2285 389 2339 in
400 2282 514 2339 ecelesia
533 2281 639 2352 grandi,

169 2387 195 2431 et
208 2376 298 2446 lingua
312 2390 371 2434 mea
385 2367 695 2444 meditabimrjmtitiam

172 2478 255 2535 tuam,
271 2477 326 2523 tota
337 2468 381 2522 die
396 2465 502 2521 laudem
515 2473 599 2520 tuam.

137 2563 258 2628 Durnlue,
274 2564 300 2617 itt
315 2561 386 2618 otelo
396 2558 584 2617 misericordia
599 2559 740 2628 tm,Dens.

170 2654 254 2721 Quam
267 2653 382 2723 pretiosa
395 2650 578 2708 misericordia
589 2650 732 2717 tua,Deusi

137 2744 268 2813 Quoniam
281 2755 368 2801 teettttr
383 2752 426 2801 est
437 2743 496 2801 lons
508 2743 579 2813 vitae,
594 2753 622 2800 et
638 2743 664 2800 itt
680 2742 837 2801 luminemo

171 2839 318 2893 uidebimus
331 2834 433 2893 lttrnen.
472 2825 475 2829 ’
690 2834 693 2840 ’

138 2931 250 2986 Attritis
265 2931 477 2986 misericordiam
492 2925 563 3000 tuam
577 2928 723 3005 scientibus
733 2941 771 3000 te,

169 3028 197 3075 et
208 3021 335 3090 justitiam
352 3029 423 3075 tuam
438 3022 519 3076 rectis
530 3022 623 3076 eorde.

137 3110 175 3164 lle
191 3111 279 3164 teniat
288 3111 352 3165 milti
365 3126 411 3182 pes
422 3112 568 3180 superbiae,

170 3210 199 3255 et
213 3215 307 3254 manus
322 3201 463 3271 impiorum
478 3218 530 3257 uon
542 3218 585 3257 mo

169 3300 346 3346 commoneat.

138 3383 207 3436 tuor
218 3383 347 3452 siquidem
360 3381 408 3448 lui,
420 3393 445 3438 et
459 3399 512 3439 nnn
528 3382 583 3438 ridi

169 3471 268 3540 iustum
281 3473 449 3529 derelictum.

136 3563 203 3630 Quia
220 3562 349 3619 Dominus
364 3563 598 3635 diligitjudleium,
612 3573 640 3621 et
651 3582 704 3622 nun
719 3564 798 3626 dere·

172 3653 274 3724 linquet
284 3665 393 3711 sanctos
406 3671 479 3712 suos.
490 3657 517 3712 lu
528 3662 657 3714 aeteruum
669 3660 794 3717 custoditi
815 3658 887 3730 suut,

168 3757 195 3800 et
209 3745 378 3801 auxiliabitur
390 3746 429 3803 eis
440 3748 579 3807 Dominus.
684 3756 687 3761 ’

135 3835 256 3900 Domine,
271 3852 305 3890 ue
318 3837 345 3891 iu
360 3837 399 3892 ira
416 3846 460 3892 tua
471 3853 568 3908 arguas
580 3854 634 3907 me,

171 3939 259 3993 neque
270 3926 296 3979 iu
310 3925 401 3981 lurore
415 3934 460 3983 tuo
469 3930 600 3998 corripias
614 3944 667 3987 me.

135 4016 173 4072 Te
186 4019 256 4071 euim
272 4017 474 4088 exspectabam,
491 4020 614 4086 Domine,
626 4032 654 4078 ttt
668 4023 805 4091 exaudies,

168 4107 281 4178 Domine
295 4109 448 4167 Deustmtu
464 4111 546 4183 :quia
561 4115 694 4185 sequebar
707 4115 816 4172 lauratriu.

134 4197 171 4254 lle
182 4198 419 4268 derelinquamus,
432 4201 544 4260 Domine
559 4203 629 4260 Deus
642 4221 727 4272 meus,

168 4307 202 4345 ne
215 4293 350 4362 elongeris
363 4308 377 4346 a
391 4305 446 4349 me.
661 4304 664 4308 '

133 4382 152 4437 F
154 4384 238 4436 aestiua
253 4384 279 4437 itt
294 4383 424 4439 auxilium
439 4397 539 4453 utattm,
557 4382 681 4454 Domtue,

169 4473 237 4528 Dens
252 4472 346 4528 salutis
362 4488 440 4530 mee.

134 4564 298 4619 l'rastnlatin
313 4579 371 4620 mea
387 4574 414 4619 ttt
429 4579 469 4620 es.
484 4565 525 4620 ttb
536 4566 659 4623 omuibus
681 4567 778 4642 iniqni-

168 4656 265 4709 tatibus
277 4671 345 4711 mets
359 4656 444 4711 libera
455 4671 509 4711 me.
529 4659 705 4728 opprobrium
751 4668 753 4673 ’

165 4747 247 4800 stulto
258 4763 292 4802 ue
307 4764 390 4816 ponas
402 4764 457 4805 me.
471 4749 547 4804 Tolle
561 4769 576 4803 a
592 4762 648 4807 me·

166 4836 257 4906 plagas
267 4848 335 4892 mas.

133 4925 295 4995 Exspeetaus
308 4928 459 4998 exspectari
474 4929 628 4999 Dominum,
645 4941 671 4986 et
685 4931 831 4988 inclinatus
846 4947 898 4999 et,

166 5024 193 5069 et
204 5014 339 5070 exaudivit
350 5018 495 5073 clamorem
514 5034 613 5072 meum.
646 5012 648 5019 ’

133 5104 289 5170 Dumiue,ad
303 5106 481 5176 adjutandum
494 5102 660 5176 malenina,
675 5110 811 5183 gaudeant

165 5182 192 5250 et
203 5195 324 5251 laetentur
338 5197 365 5253 in
377 5207 402 5255 te
415 5199 460 5267 qui
473 5210 597 5270 querunt
611 5212 647 5257 te.

131 5289 264 5344 attritum
278 5304 366 5346 meum
380 5299 408 5346 et
416 5288 533 5349 salutare
545 5310 646 5362 meunt,

165 5378 234 5433 Deus
245 5389 331 5448 meus,
344 5395 378 5436 ue
389 5383 513 5438 moreris.

131 5470 186 5539 ligo
196 5471 260 5539 dixi,
277 5473 398 5542 Domine,
413 5474 543 5532 miserere
557 5474 619 5544 mei,
632 5489 698 5533 sana
710 5476 827 5534 animant

50 5620 58 5632 ⁶
164 5577 260 5632 ratetum,
275 5566 335 5634 qttla
351 5565 458 5635 wetti
472 5564 531 5623 tibi.

163 5649 300 5711 insamae
323 5654 447 5720 Domine,
458 5657 588 5716 miserere
601 5661 664 5717 mei.

485 244 588 304 sanae
610 205 834 303 sensuimus
851 246 925 300 urr.
949 213 1036 303 raas
1055 247 1100 304 m.
1123 275 1156 290 -
1176 246 1414 305 amaturum.

957 343 963 355 Ι

944 357 1057 421 Αὸἱουι
1070 357 1160 418 a'reola
1176 356 1323 434 praeparata
1337 362 1372 419 ad
1389 361 1523 434 irrigatio·

1022 469 1069 510 nes
1082 470 1224 525 aquarum,
1237 457 1277 511 sio
1289 455 1378 511 anima
1393 471 1451 512 mea
1465 473 1569 527 proepa-

1021 555 1077 598 rata
1090 544 1174 600 estad
1185 544 1307 605 tabens.

983 633 1075 688 ludica
1093 649 1146 697 rue,
1164 634 1244 700 betas,
1261 643 1288 689 et
1302 634 1426 689 discerne
1438 650 1547 691 oausam
1563 652 1652 695 msam

992 713 996 723 ’
1021 739 1035 775 a
1050 733 1131 792 geute
1147 740 1199 777 uotr
1211 724 1314 792 sancta,
1326 740 1341 779 a
1355 727 1412 782 rire
1422 725 1518 784 doloso

1018 822 1046 867 et
1059 813 1151 883 iniquo
1164 816 1236 869 salva
1252 831 1307 870 me.

921 978 924 985 1
983 903 1022 957 'ln
1036 906 1106 960 euim
1122 920 1151 960 es
1164 905 1294 962 lortimdo
1308 922 1377 978 mea,
1394 924 1482 979 guare

1018 995 1154 1067 projecisti
1171 997 1235 1052 mei

982 1084 1079 1156 Surge,
1093 1090 1224 1147 auxiliare
1237 1093 1326 1160 uobis,
1339 1099 1368 1150 et
1381 1095 1484 1151 rediriie
1498 1100 1549 1152 rina

1019 1191 1129 1250 propter
1142 1183 1352 1242 misericordiam
1365 1196 1449 1243 matr.

982 1270 1106 1329 Thronus
1118 1284 1188 1342 tuus,
1202 1278 1284 1345 Deus,
1299 1279 1325 1335 in
1336 1281 1471 1336 ‘seculum
1484 1286 1625 1341 arte'rndtti.

982 1362 1125 1432 Propterea
1137 1368 1227 1438 pupuli
1239 1370 1440 1430 condiebantur
1454 1373 1503 1431 tibi

1017 1454 1044 1509 iu
1058 1458 1187 1512 saeetrium
1201 1468 1227 1513 et
1240 1460 1267 1515 in
1280 1466 1422 1518 aeteruum.

983 1546 1053 1602 Deus
1065 1559 1167 1618 noster,
1182 1566 1244 1619 spes
1257 1562 1285 1609 et
1295 1553 1433 1621 tortitudo,
1448 1558 1579 1615 auaiiiuui

1016 1641 1044 1696 iu
1057 1642 1403 1702 tribulationibusitttentus
1419 1663 1449 1703 es
1459 1648 1589 1707 aeidum.

945 1718 971 1790 D
1018 1737 1073 1795 lier
1085 1753 1195 1808 magnus
1210 1754 1292 1809 super
1305 1754 1412 1798 omnem
1426 1749 1537 1798 terram.

904 1900 907 1906 Δ
980 1827 1073 1885 Cauite
1086 1829 1198 1885 Domino
1209 1833 1422 1901 adstruamus,
1438 1837 1541 1903 canite,
1554 1837 1611 1909 regi

1017 1926 1108 1974 nostru
1122 1920 1221 1976 canite.
1257 1924 1260 1933 '

877 2004 879 2013 '
980 2009 1046 2076 Quia
1059 2011 1241 2080 ipseastDeus
1253 2020 1345 2069 noster
1357 2029 1382 2070 tu
1391 2015 1590 2076 monlnmetiu
1599 1973 1761 2094 pensanti·

1016 2100 1074 2170 ipse
1087 2100 1192 2155 eritius
1205 2114 1297 2158 nostra
1312 2104 1340 2160 iu
1354 2119 1456 2162 moute.

980 2190 1169 2247 verumtamen
1187 2191 1257 2249 Dens
1271 2195 1384 2253 redimet
1396 2200 1511 2256 animaru
1526 2216 1613 2259 meam

1015 2281 1048 2335 de
1062 2295 1142 2336 uranu
1156 2283 1245 2347 interi,
1258 2299 1319 2341 cum
1337 2292 1515 2358 assumpserit
1537 2308 1589 2352 rue,

979 2367 1068 2427 Fortis
1082 2369 1211 2428 Dominus
1223 2375 1293 2431 lietta
1303 2357 1413 2434 iocatus
1423 2389 1466 2435 est
1479 2397 1486 2435 :
1499 2380 1555 2437 liott
1568 2395 1680 2452 propte

1016 2463 1139 2519 rietimaa
1153 2479 1261 2535 arguam
1276 2477 1311 2534 te,
1327 2478 1355 2525 et
1368 2470 1523 2531 boioeauto-

1014 2550 1086 2609 'reaia
1099 2564 1142 2608 tua
1156 2570 1246 2612 coram
1259 2572 1303 2615 tue
1317 2558 1380 2617 siant
1391 2576 1508 2632 semper.

979 2643 1037 2701 lion
1052 2645 1180 2716 accipiam
1191 2648 1225 2704 de
1236 2649 1317 2707 domo
1334 2653 1617 2730 tonitruumque

1014 2735 1048 2792 de
1060 2738 1185 2808 gregibus
1197 2739 1294 2797 biri-oa.

979 2825 1036 2884 dea
1047 2838 1108 2883 suut
1122 2829 1194 2884 euim
1209 2830 1299 2887 otirnla
1311 2830 1438 2891 'animalia
1453 2839 1589 2897 silvarosa.

1013 2918 1078 2976 Scio
1092 2934 1187 2975 outnes
1198 2936 1263 2977 ares
1275 2926 1418 2998 montium,
1433 2938 1461 2985 et
1482 2933 1645 2991 universitas
1738 2922 1744 2933 '

1012 3013 1068 3083 agri
1080 3020 1185 3069 mecum
1200 3024 1253 3070 est.

936 3095 1005 3163 cst
1016 3105 1148 3169 esuriero,
1164 3120 1217 3162 uou
1232 3107 1319 3164 dleam
1336 3110 1394 3176 tibi,
1410 3127 1488 3169 meus
1498 3124 1540 3171 est
1550 3115 1624 3172 euitat

1012 3196 1085 3252 orbis
1096 3206 1185 3263 terrae,
1199 3205 1227 3252 et
1241 3198 1376 3270 plenitudo
1387 3203 1454 3271 ejus·

976 3287 1084 3342 immola
1101 3289 1155 3344 Deo
1167 3288 1283 3356 landem,
1298 3302 1325 3346 et
1338 3293 1420 3348 redde

1012 3378 1148 3433 ditissimo
1161 3390 1221 3437 tota
1238 3390 1292 3435 tua.

976 3466 1009 3522 Et
1024 3469 1118 3524 invoca
1133 3463 1177 3524 tue
1191 3470 1216 3524 iu
1232 3471 1278 3526 die
1292 3470 1480 3544 tribulationie

1011 3561 1131 3615 liberabo
1149 3572 1186 3629 te,
1201 3572 1229 3618 ei
1242 3564 1407 3634 gloriileaitis
1422 3584 1473 3623 tue

976 3653 1025 3718 Dari
1041 3654 1161 3708 immolat
1174 3653 1382 3725 oouieasiouem,
1396 3661 1526 3730 giorittaat
1539 3678 1594 3731 me,

1010 3752 1037 3797 et
1051 3742 1096 3812 qui
1110 3746 1233 3802 ordinate
1245 3751 1373 3815 ambulat,
1388 3755 1529 3808 ostendam
1547 3755 1574 3810 el

1009 3834 1127 3891 salutare
1139 3852 1238 3893 metam.

975 3921 1101 3981 biiserere
1112 3928 1174 3993 mei,
1192 3928 1271 3996 Detrs,
1287 3934 1435 3988 seeundum
1444 3938 1569 4008 magnaei

1011 4017 1221 4074 misericordiam
1234 4031 1318 4077 taram.

973 4108 1051 4164 Juxta
1067 4111 1263 4168 multitudinem
1279 4116 1483 4174 miserationum

1011 4210 1113 4255 tuarum
1127 4202 1187 4257 dele
1202 4202 1355 4273 iniquitates
1367 4221 1452 4266 meas.

975 4288 1088 4345 linitum
1102 4292 1160 4345 lara
1174 4309 1216 4348 rue
1227 4295 1261 4348 ab
1273 4297 1412 4364 iniquitate
1426 4311 1489 4373 mea,

1009 4392 1064 4436 eta
1079 4395 1186 4452 peceato
1201 4402 1261 4442 meo
1276 4391 1373 4443 munds
1388 4407 1441 4459 tue,

935 4451 960 4512 ⁰
1007 4475 1464 4547 etntuntsiuiquitatesuaeasdele.

972 4565 1026 4618 Cur
1043 4568 1170 4621 nttutdum
1186 4585 1245 4622 crta
1262 4572 1286 4624 in
1301 4573 1438 4640 mameae,
1453 4587 1480 4630 et
1495 4577 1618 4646 epirimm

1006 4656 1130 4711 stabilem
1144 4674 1241 4714 renum
1254 4661 1280 4714 iu
1294 4664 1441 4720 visceribus
1455 4670 1531 4724 tucia.

971 4747 1010 4802 lle
1021 4748 1147 4817 projicias
1162 4766 1205 4806 me
1218 4767 1233 4806 a
1248 4756 1316 4810 l'aeie
1330 4765 1384 4825 tua,
1400 4768 1427 4813 et
1439 4760 1570 4830 Spiritum
1585 4778 1708 4825 sumtum

1008 4847 1081 4892 mutu
1096 4855 1128 4894 ue
1142 4839 1247 4897 abieras
1260 4861 1274 4896 a
1288 4860 1341 4902 me.

970 4927 1062 4983 liedde
1075 4931 1140 4984 mibi
1157 4932 1275 4988 laetitiam
1286 4935 1352 4992 desta
1365 4940 1415 5005 itti,
1430 4951 1457 4995 et
1467 4941 1569 5012 Spiritd

1004 5025 1104 5091 potenti
1119 5027 1245 5080 eottltrma
1259 5043 1314 5084 me.
1415 5057 1421 5067 ·

968 5113 1064 5167 libera
1078 5128 1121 5168 me
1131 5115 1165 5169 de
1179 5119 1367 5189 sanguinibus,
1382 5121 1541 5192 Deus,Detts
1551 5128 1647 5186 salutis
1660 5146 1737 5202 nea,

1004 5207 1123 5263 laudabit
1133 5211 1220 5279 lingua
1233 5228 1291 5268 mea
1303 5219 1435 5284 justitiam
1448 5227 1530 5277 mana.

969 5297 1094 5365 Domine,
1111 5301 1181 5355 labia
1193 5319 1252 5359 mea
1263 5305 1380 5377 aperies,
1392 5321 1419 5364 et
1434 5326 1466 5366 oa
1480 5329 1568 5368 menan
1583 5328 1632 5371 ata·

1006 5392 1136 5445 anuntiabit
1152 5393 1255 5448 laudem
1271 5407 1353 5452 tuam.

969 5480 1137 5541 sacrificium
1152 5485 1326 5555 Deoapir'ittra
1336 5491 1541 5561 sonabuntur,
1562 5512 1684 5558 careota-

1004 5574 1133 5631 tritumet
1143 5576 1320 5647 humiliatum,
1334 5582 1417 5653 Detts,
1433 5600 1486 5642 nan
1500 5587 1648 5660 despiciet.

969 5665 1148 5737 msericordia
1161 5668 1208 5725 Dei
1224 5680 1277 5727 tota
1292 5681 1333 5728 est
1346 5674 1398 5732 die.
