3802 6126
130 293 200 357 1885
693 291 790 349 SECT.
811 291 843 346 ΙΙ.
868 318 900 328 ·-
915 285 1193 347 ttAttttutlthlt.
1629 282 1631 286 ’
1696 286 1762 342 tund

756 402 869 460 ElllTlO
888 400 1123 460 cotoutsusrs.

127 503 260 560 animatus
274 506 325 554 est.
341 496 441 554 Eodem
457 495 502 553 die
520 496 590 552 beati
612 494 722 567 Sagaris
744 496 871 566 martyris
894 504 924 551 et
940 504 960 557 A
976 492 1130 549 Dotuinum.
1155 493 1220 548 item
1244 500 1396 547 sauctorum
1424 501 1569 563 martyrum
1595 492 1711 549 ttrrcdt
1736 505 1764 550 et

128 590 248 661 episcopi
266 588 451 653 laodicensis,
465 588 509 657 qui
524 602 591 642 unus
607 586 657 642 luit
671 587 706 642 de
718 587 837 657 antiquis
852 585 926 642 Pauli
977 584 1083 654 Apulei,
1098 585 1142 653 qui
1165 585 1274 654 quidem
1295 589 1381 654 primo
1400 585 1570 641 adtruserrrru
1583 586 1688 642 Simoni
1710 588 1766 643 ilu-

128 685 242 758 apostoli
256 681 404 750 discipulis.
421 680 557 750 Depositio
574 679 686 735 llomnni
707 679 927 735 Autissiodorcu·
976 688 1026 744 ρος
1041 676 1089 731 sed
1106 676 1226 731 videmos
1249 676 1380 733 mirabitis
1403 690 1463 745 quas
1488 676 1617 735 Dominus
1633 679 1760 746 operabo-

127 778 165 831 sis
181 773 311 844 episcopi.
336 772 438 828 Eodem
454 770 498 828 die
520 781 614 829 nemra
627 773 712 828 suncti
725 771 867 829 Michaelis
880 786 927 828 ar·
978 779 1019 825 tur
1035 786 1081 840 pur
1093 769 1244 840 apostolum
1269 785 1345 824 suurn
1372 770 1496 838 Petrum,
1526 771 1619 826 relicto
1639 768 1766 838 Simone,

127 863 260 934 ctraoqeli.
976 862 1105 932 doctrinae
1127 863 1281 931 apostolicae
1300 875 1331 919 se
1348 862 1523 930 tradirlormrt,
1538 872 1565 917 ct
1586 870 1646 929 poet
1665 876 1765 934 marry·

163 957 196 1012 G.
218 955 284 1008 Non.
306 951 376 1007 Oor.
396 980 431 993 —
448 951 540 1014 ilotuce
563 952 603 1007 ria
628 952 712 1023 Appia
736 950 824 1009 natale
839 945 925 1005 sancti
978 954 1045 1009 rium
1060 956 1240 1024 apostolorum
1254 954 1304 1011 sulr
1322 954 1465 1013 Aureliano
1485 956 1621 1014 consului
1645 962 1768 1031 martyrii

129 1044 211 1105 ilarci
227 1043 347 1116 episcopi
362 1053 391 1100 et
403 1045 576 1111 contessoris,
588 1044 632 1114 qui
646 1044 716 1100 sedit
730 1043 755 1097 in
771 1043 923 1114 episcopatu
975 1057 1102 1100 coronam
1126 1045 1336 1114 corrrptcueruur,
1357 1046 1452 1114 sepulti
1476 1061 1529 1104 uou
1551 1048 1630 1118 louge
1647 1050 1681 1105 alr
1701 1053 1767 1108 rrrlre

129 1156 214 1196 runos
236 1138 315 1205 duos,
332 1152 440 1196 menses
459 1152 566 1202 nouem,
588 1137 647 1192 dies
662 1135 764 1205 uiginti,
780 1132 823 1203 qui
844 1135 924 1188 otiam
977 1136 1072 1190 llorrra.

130 1231 251 1300 sepultus
274 1241 315 1287 est
334 1231 361 1287 in
380 1229 535 1286 coetneterio
560 1227 679 1283 Balbine
700 1226 743 1280 sia
767 1223 923 1280 Ardeatino.
1012 1228 1047 1281 t.
1068 1225 1123 1281 l'iil
1142 1226 1201 1285 lpus
1220 1226 1285 1281 dur.
1306 1255 1341 1273 -ψ
1359 1225 1451 1281 urrato
1476 1227 1545 1282 beuti
1560 1228 1704 1295 Simeonis,
1719 1232 1765 1301 qni

131 1320 197 1376 item
219 1332 376 1376 sanctorum
395 1327 541 1388 trrartyrum
557 1316 642 1388 Seruii
661 1326 689 1372 ct
708 1314 799 1380 Baclri,
815 1314 859 1385 qui
874 1313 925 1367 sub
976 1315 1117 1375 lionrrnuru
1142 1324 1263 1373 nostrum
1286 1315 1377 1372 iesum
1396 1317 1532 1372 Christum
1553 1323 1722 1386 precentoris
1736 1321 1764 1374 irr

131 1410 290 1467 ilauimiauo
305 1426 352 1478 pro
367 1408 465 1466 Cirristi
482 1409 589 1465 nomine
602 1409 674 1479 passi
689 1415 759 1462 sunt.
776 1405 842 1460 Nam
858 1408 924 1462 Ser·
976 1406 1116 1476 tempium.
1132 1404 1197 1459 item
1209 1405 1297 1460 natale
1310 1415 1409 1464 sanctae
1421 1406 1561 1476 lleparaou
1576 1410 1693 1477 tirqirris,
1708 1426 1770 1479 qum

131 1503 192 1572 qius
206 1502 376 1573 primicerius
392 1511 448 1555 crat
467 1499 567 1558 sotrum
587 1498 738 1569 gentilium,
753 1500 855 1553 amicus
876 1499 926 1550 inr-
978 1510 1053 1564 passu
1064 1505 1106 1551 cst
1118 1494 1145 1551 in
1155 1495 1277 1551 Cesarea
1290 1495 1355 1551 urire
1368 1496 1525 1562 Paterttnn,
1540 1498 1590 1552 sulr
1606 1499 1685 1555 Decio
1698 1514 1769 1569 prato

133 1593 274 1664 peratoris,
304 1593 399 1649 heatus
422 1606 486 1647 tero
513 1589 616 1645 ilaclrus
640 1589 840 1646 secundicerius
867 1595 926 1641 erut
976 1584 1120 1642 ridellum
1133 1584 1550 1652 crrmooiletidolissacriilcrrre,
1566 1589 1681 1656 primum
1694 1589 1769 1645 adiri-

131 1686 253 1755 ejosdom
279 1685 390 1740 scitulae.
416 1683 448 1738 ili
472 1698 542 1738 emm
566 1683 599 1738 alr
622 1681 757 1738 Arrrioclto
781 1682 849 1735 duce
878 1693 925 1749 pro
977 1675 1029 1731 lira
1053 1686 1093 1730 ost
1113 1675 1151 1732 illi
1176 1675 1227 1729 olis
1253 1676 1361 1743 plumbo
1384 1675 1503 1732 lertcuto
1526 1677 1649 1746 impleta,
1678 1689 1769 1748 postca

131 1775 231 1830 Christi
256 1774 374 1839 nomine,
397 1776 474 1844 jussu
492 1773 646 1830 liatimiani
666 1772 837 1839 imperatoris
854 1769 923 1840 passi
958 1767 1102 1821 anscusue
1126 1776 1189 1820 sunt
1210 1764 1248 1820 illi
1271 1766 1405 1831 mamillae,
1430 1775 1459 1823 et
1480 1765 1617 1837 lampades
1644 1768 1771 1826 ardemus

132 1874 205 1932 sont,
232 1865 266 1919 ita
292 1875 321 1920 ιιι
344 1865 449 1919 Baclrus
472 1864 536 1918 dum
558 1872 684 1919 extensus
707 1863 793 1918 crucis
813 1861 925 1932 {loquellis
942 1851 1114 1922 Badlrilritar,
1136 1854 1234 1911 deiude
1256 1856 1282 1909 in
1300 1857 1433 1910 caminum
1453 1856 1521 1926 iguis
1542 1858 1622 1913 missa
1641 1868 1691 1915 est.
1705 1861 1770 1929 Qum

132 1955 292 2021 crederetur,
308 1954 443 2009 emitteret
470 1954 609 2026 spiritum;
638 1951 748 2022 Sergius
776 1967 838 2008 roro
868 1959 927 2020 post
979 1961 1040 2001 cum
1062 1945 1089 2002 iu
1114 1947 1187 2001 nullo
1208 1946 1244 2000 liri
1259 1946 1581 2014 luisserlcesa,decollate
1595 1960 1646 2018 est,
1661 1961 1689 2008 et
1706 1968 1770 2008 corr.

134 2046 217 2102 multa
232 2053 365 2100 tormenta
382 2045 472 2113 gladio
491 2059 578 2101 cesus
592 2051 644 2110 est,
658 2053 686 2099 ct
698 2043 736 2099 rio
758 2043 880 2113 rutgrarir
893 2043 926 2098 ad
982 2037 1054 2094 tiouo
1066 2037 1101 2093 de
1114 2036 1185 2094 collo
1197 2037 1256 2107 ejus
1265 2037 1347 2095 exirit
1357 2038 1481 2099 columbe
1493 2038 1564 2098 utba.
1578 2038 1660 2114 eujus
1672 2055 1770 2116 corpus

758 2153 872 2210 tortio
893 2151 1145 2211 uottnuotnut.

176 2268 207 2324 p·
227 2266 271 2332 c..
297 2267 390 2321 Roma.
412 2266 544 2332 domm,
568 2264 812 2335 qqafcprqpisfflpq
843 2267 875 2319 p,
897 2266 923 2323 ὴ,
998 2260 1031 2299 rra
1044 2246 1132 2300 natale
1147 2243 1196 2327 88.
1212 2245 1283 2303 Casti
1304 2255 1333 2303 ct
1346 2247 1496 2304 Saturnini.
1521 2249 1554 2306 Et
1573 2249 1600 2305 in
1614 2251 1722 2322 Aqenrra
1737 2252 1768 2311 8.

136 2339 227 2397 Airioa
240 2339 343 2408 Rogati,
358 2337 506 2402 Saturnini,
521 2337 652 2400 ianuarii,
671 2335 800 2400 Faustini,
815 2348 840 2389 et
856 2337 924 2390 Alar—
978 2260 1052 2371 ΗΜ
1065 2315 1186 2385 uirginis.

137 2412 212 2463 otialis
224 2408 290 2482 [At.
309 2407 399 2461 Trusri
416 2416 443 2462 et
457 2404 560 2478 llaroil.
589 2407 631 2472 ts,
648 2407 747 2462 Eodem
768 2408 812 2463 die
835 2407 924 2473 pressio
1014 2410 1040 2463 t.
1051 2438 1088 2450 -
1099 2408 1190 2466 Nouis.
1207 2408 1467 2468 protruserunt
1482 2425 1567 2481 papie.
1584 2410 1644 2482 ipso
1658 2413 1703 2471 die
1716 2431 1766 2472 nas

137 2480 187 2536 88.
203 2479 304 2543 Fausti,
321 2477 438 2531 ianuarii
460 2487 487 2529 et
505 2477 647 2531 diercialis.
677 2477 706 2530 B.
723 2476 767 2541 lt..
783 2480 857 2545 Apud
871 2476 923 2529 Ca·
979 2480 1040 2534 talis
1053 2479 1083 2536 S.
1099 2479 1159 2534 Lini
1174 2492 1259 2549 papae.

138 2565 216 2616 puam
230 2559 382 2602 structorum
393 2544 407 2582 b
419 2546 546 2610 ttarcetli,
561 2546 632 2600 Casti
648 2545 761 2609 remitit,
776 2546 922 2602 Suturrriui.
1015 2574 1097 2627 Abest
1112 2583 1290 2641 pommus„
1307 2587 1374 2628 ,m
1389 2573 1421 2630 Α,
1435 2573 1467 2629 q.
1481 2573 1513 2630 ι.

140 2622 173 2675 Et
187 2621 298 2673 olrscrsa
314 2617 481 2687 frequentius
500 2617 642 2686 aliquoties
662 2615 809 2671 recurrisse
830 2626 858 2670 ut
878 2616 923 2670 uiri
1017 2642 1046 2696 v·
1063 2643 1094 2697 C·
1110 2644 1161 2707 ¹3⁸,
1186 2639 1221 2695 E,
1245 2642 1294 2698 53·
1308 2641 1320 2681 ,p
1334 2642 1419 2714 sergii
1443 2655 1470 2699 et
1494 2645 1602 2705 Bacchi,
1631 2646 1659 2705 ,ῃ
1678 2647 1767 2718 029„a

140 2689 294 2744 Vaticanum
304 2698 331 2741 et
350 2688 379 2743 S.
395 2687 499 2756 Curiati
515 2686 614 2768 liuberti
627 2687 751 2773 Apicum.
767 2686 926 2768 ὓῑιῑθῦἣΰῧθ
978 2713 1070 2780 Quarti
1085 2722 1112 2767 et
1132 2713 1287 2767 Marcellini.
1306 2712 1351 2781 i..‚
1368 2716 1400 2768 tit
1412 2712 1462 2769 88.
1477 2714 1596 2771 llurcelli
1610 2718 1621 2749 ⁸
1634 2729 1659 2773 ct
1674 2720 1767 2790 Apulei

137 2760 206 2829 leget
219 2755 354 2824 caprum,
379 2767 408 2812 ut
426 2758 546 2813 fortassis
566 2757 662 2811 alrcolrt
678 2754 809 2826 tarrtuqo
825 2764 925 2826 scrupis
979 2794 1136 2855 „Arupium

86 2907 89 2912 Α
136 2832 228 2887 suem·
1015 2854 1048 2908 A.
1062 2854 1107 2917 T.,
1126 2853 1217 2909 {tomo
1232 2852 1364 2923 depositio
1386 2853 1416 2909 8.
1431 2853 1510 2910 llarci
1534 2869 1619 2924 popu.
1645 2855 1706 2925 ipso
1724 2858 1768 2916 die

172 2928 205 2981 A.
220 2926 263 2992 t..
280 2925 372 2980 llomae
386 2923 518 2993 depositio
533 2923 659 2980 Siderei
675 2922 806 2993 episcopi.
835 2924 925 2991 liupua
982 2923 1068 2978 natale
1082 2923 1130 2984 SS.
1147 2924 1232 2992 Seruii
1248 2936 1275 2978 et
1290 2923 1384 2978 Bacchi
1399 2937 1557 2994 martyrum.
1573 2926 1607 2980 A.
1619 2925 1651 2981 T.
1665 2928 1706 2993 ll..
1720 2929 1767 2984 ui.

136 2997 224 3052 naute
238 3007 388 3052 sanctorum
400 2995 470 3049 Casti
487 3006 513 3049 et
527 2993 674 3049 Saturnini.
689 2994 720 3048 A.
732 2994 764 3049 T.
778 2994 820 3064 8.,
833 2993 913 3048 Antis
981 2996 1080 3051 turicas
1104 2995 1212 3049 ciuitate
1234 2995 1368 3064 depositio
1392 2995 1421 3048 8.
1437 2993 1446 3031 i
1460 2997 1599 3065 Augustini
1626 2995 1683 3070 iil..
1709 2999 1765 3054 Au-

135 3067 245 3121 siodoro
259 3066 391 3134 depositio
412 3066 440 3119 S.
457 3060 570 3120 llomani
583 3067 712 3134 episcopi.
735 3064 762 3118 ln
778 3066 881 3147 Aqiurro
895 3063 925 3118 S.
980 3065 1091 3133 qmutis
1117 3065 1235 3134 episcopi
1257 3074 1286 3121 et
1305 3062 1478 3121 contessoris.
1508 3067 1541 3126 A.
1555 3066 1601 3131 Τ..
1616 3070 1711 3124 eodem
1726 3072 1769 3131 dio

137 3137 211 3192 Fidis
222 3137 357 3217 martyris.
370 3136 414 3198 Τ..
427 3135 621 3200 Sociorumque
631 3135 691 3204 ejus
700 3134 832 3204 Caprssri,
843 3134 925 3189 Primi
981 3137 1069 3199 natale
1082 3134 1133 3193 88.
1147 3135 1264 3191 Marcelli
1278 3146 1306 3190 et
1321 3135 1427 3203 Apulei.

136 3217 163 3262 et
176 3208 314 3264 Ferietur.
330 3207 373 3272 Β..
385 3206 477 3262 liuttere
489 3206 578 3261 natale
591 3205 620 3262 S.
635 3205 763 3261 Bullrlrtte.
778 3204 821 3271 ln,
834 3207 862 3260 lo
872 3205 925 3260 Cs-
940 3217 964 3281 c
1014 3223 1042 3279 8,
1055 3254 1091 3265 ,,
1104 3223 1157 3279 qm
1174 3226 1243 3280 1003·
1260 3223 1343 3280 namq
1356 3223 1435 3284 md,
1450 3231 1477 3281 pq
1491 3237 1569 3297 ,upp'
1584 3224 1643 3291 mu,

832 3318 935 3375 Stttttt
954 3315 1071 3374 NOTAE.

172 3415 186 3445 ι
202 3404 295 3458 ilorci.
315 3406 350 3458 ile
366 3405 416 3458 iroc
432 3404 491 3459 ride
506 3403 577 3457 dioro
592 3413 759 3475 sequentem.
776 3405 927 3463 Translatio
981 3405 1113 3461 tnttrrctro
1129 3402 1243 3472 praeside
1259 3403 1329 3470 passi
1345 3412 1428 3456 sunt:
1444 3417 1556 3471 quorum
1575 3403 1695 3458 liacclrus
1709 3415 1770 3460 tan·

135 3478 257 3547 quaedum
272 3477 329 3543 rjus
343 3476 421 3531 lindie
436 3476 558 3542 conligit.
979 3476 1133 3533 diunerris
1147 3472 1238 3527 crudis
1251 3487 1338 3528 (vous
1351 3484 1407 3535 cst.
1429 3488 1568 3551 quousque
1583 3481 1641 3530 toto
1653 3489 1769 3544 corpore

171 3544 327 3599 bilurcelli.
354 3545 430 3610 Quod
454 3558 542 3599 aorem
564 3544 597 3597 ad
611 3542 720 3599 Castum
744 3554 771 3600 et
786 3544 924 3605 AEmitiuu
979 3545 1109 3600 discissus
1124 3543 1150 3596 iu
1164 3541 1334 3598 confessione
1348 3543 1446 3600 Cirristt
1464 3544 1600 3597 orrritteret
1621 3546 1767 3612 spiritum:

135 3625 315 3683 spectut‚coru
327 3613 384 3670 lratc
396 3616 504 3668 nomina
517 3625 729 3670 noscanturesse
739 3616 925 3674 Africanorum
977 3626 1006 3672 et
1023 3625 1113 3679 postes
1130 3611 1240 3681 Sergius
1255 3613 1366 3667 claretis
1381 3613 1519 3668 cotlrurrtis
1543 3613 1624 3679 pedes
1646 3615 1766 3686 indutu«,

135 3695 295 3757 martyrum,
310 3699 423 3750 quorum
438 3685 535 3739 natalis
550 3685 607 3738 dies
620 3684 707 3753 agitur
723 3699 781 3745 ιιιι
796 3686 875 3751 diali,
899 3689 925 3743 iu
978 3701 1038 3739 uum
1053 3687 1079 3737 iu
1096 3684 1148 3739 tide
1161 3682 1231 3739 litus
1246 3691 1376 3749 moneret,
1390 3682 1452 3738 data
1466 3687 1609 3750 sententie,
1623 3684 1713 3754 jussus
1726 3703 1769 3748 ost

135 3772 196 3811 earu
211 3755 288 3810 laciie
302 3754 453 3810 inducimur
465 3754 628 3822 opinionem.
639 3764 669 3808 ut
679 3755 861 3812 existimemus
877 3757 926 3813 lros
977 3753 1125 3810 decoliari:
1143 3752 1220 3822 errius
1235 3753 1344 3807 nomine
1358 3753 1435 3807 iocus
1450 3755 1492 3808 ulri
1507 3755 1637 3823 quiescit,
1656 3755 1769 3828 Sergio·

135 3840 197 3882 esse
212 3824 320 3879 eosdem
338 3840 399 3879 curu
414 3824 486 3890 illis;
510 3824 557 3879 sed
571 3824 670 3893 capue
691 3825 773 3881 etiam
795 3827 926 3885 celelrrari
978 3827 1047 3893 polis
1062 3823 1213 3894 appellatus
1228 3833 1279 3877 est.
1307 3821 1373 3878 llide
1393 3823 1499 3878 Surium
1521 3836 1586 3878 torn.
1604 3824 1635 3878 ii.
1663 3826 1701 3881 lie
1717 3831 1769 3884 rni-

135 3910 229 3952 eorum
244 3894 437 3959 celebritatem,
452 3894 523 3960 quod
537 3892 653 3948 Airicani
669 3896 788 3963 episcopi
804 3906 926 3963 ternpore
979 3895 1069 3950 raculo
1083 3894 1153 3965 quod
1177 3896 1275 3949 luctum
1290 3904 1333 3949 est
1348 3894 1516 3963 Serqtopnti,
1541 3904 1568 3949 et
1591 3896 1626 3949 de
1650 3896 1770 3955 dorrrrr'ir
1794 3944 1796 3948 .

173 3964 329 4021 rsecrrtionis
340 3963 490 4021 Taurlulicae
503 3980 535 4019 et
548 3964 636 4019 Airica
652 3964 730 4033 pulsi,
746 3966 779 4019 ad
792 3964 925 4034 Campana
980 3980 1040 4034 quur
1056 3965 1191 4019 Cirosroos
1211 3979 1258 4020 ret
1276 3964 1417 4019 Persarum
1439 3965 1512 4019 misit
1523 3966 1555 4020 ut
1567 3975 1688 4020 sarnetum
1700 3984 1769 4025 tnat·
1793 3979 1806 4016 r

150 4039 228 4089 ittera
242 4034 419 4103 appellentes,
434 4048 499 4102 quas
512 4049 603 4087 secrrm
619 4035 772 4089 attulissent
787 4037 925 4105 reliquias,
982 4047 1067 4105 turem
1081 4035 1216 4104 Serqirun,
1228 4036 1288 4089 ride
1300 4034 1405 4104 Evagrii
1419 4034 1575 4091 Sclroitstici
1593 4035 1661 4090 llist.
1674 4053 1712 4100 tt,
1723 4039 1770 4107 88,
1791 4032 1795 4091 ζ

137 4105 237 4174 ibidem
252 4104 438 4160 collocassem.
463 4105 539 4169 Quod
553 4103 617 4160 irem
632 4106 663 4158 ad
677 4106 833 4161 llurcellum
851 4123 923 4167 mer·
981 4115 1009 4159 et
1022 4121 1057 4171 tp,
1071 4102 1116 4159 ut.
1792 4105 1794 4116 “

139 4187 148 4229 t
170 4189 224 4229 rem
237 4182 349 4243 spectat,
358 4172 478 4240 eiusdem
492 4172 664 4230 nominisluit
676 4185 776 4246 martyr
787 4178 814 4230 irr
827 4176 926 4244 Attica,
1022 4173 1175 4229 ‘Marcili
1205 4174 1255 4239 Qui
1279 4188 1328 4241 per
1351 4174 1500 4243 apostolum
1521 4173 1650 4238 Petrum,
1677 4177 1771 4235 relicto

139 4191 174 4298 (ᾖ
188 4259 241 4310 qno
257 4245 342 4313 egitur
356 4259 399 4297 ιιι
415 4244 495 4298 Frirr.
520 4245 652 4299 Caeterum
672 4247 792 4314 ejusdem
812 4247 928 4303 nominis
981 4244 1091 4311 Simone
1107 4245 1193 4313 lingo,
1209 4244 1364 4310 apostolice
1379 4243 1512 4299 doctrine
1530 4258 1560 4298 se
1582 4245 1768 4314 tradiderunt,

140 4314 277 4370 Saturnini
288 4314 362 4368 multi
375 4313 401 4367 in
412 4313 505 4368 eadem
518 4315 653 4381 provincia
665 4317 734 4381 passi
747 4318 926 4384 repteriumur,
982 4331 1014 4371 ac
1038 4321 1207 4383 postrrrodum
1230 4315 1282 4369 sub
1301 4315 1445 4370 Aureli-ruo
1467 4320 1600 4370 consulari
1614 4356 1622 4380 ,
1649 4320 1769 4385 rtrartyrii

139 4393 170 4438 ut
193 4387 219 4439 in
241 4384 436 4456 tturtyrntociis
457 4383 534 4438 iaciie
554 4393 596 4441 est
616 4383 754 4455 colligere.
781 4388 882 4444 Batou.
899 4388 926 4444 lu
983 4400 1109 4440 cocorrano
1134 4394 1356 4450 reportaverunt,
1379 4384 1477 4453 sepulti
1492 4401 1544 4439 uou
1563 4389 1641 4457 lunge
1656 4387 1689 4436 alr
1705 4390 1771 4442 urire

139 4453 225 4511 Notis.
948 4433 1079 4510 Dtromr.
1097 4454 1245 4518 Usutuour,
1261 4456 1404 4516 Apu-tre
1415 4457 1538 4512 Marcello
1553 4456 1611 4509 ride
1626 4459 1689 4511 tou
1701 4454 1770 4511 sau·

178 4535 189 4561 e
206 4523 301 4578 ilorci.
327 4522 355 4577 in
371 4522 502 4578 Cirronico
523 4522 629 4577 nentur
652 4524 768 4598 legitur:
785 4545 793 4577 r
813 4525 928 4594 linceus,
981 4537 1085 4580 ctorrmr
1101 4527 1161 4581 licii
1176 4542 1213 4580 ιιι
1228 4527 1255 4580 iu
1271 4527 1343 4580 Actis
1358 4526 1436 4579 Nerei
1450 4536 1478 4578 et
1489 4527 1614 4580 Aclrillui.

140 4609 247 4649 menses
263 4603 335 4661 octo,
349 4593 407 4646 dies
421 4595 524 4663 rrq‘ruri.
542 4592 602 4646 Tuit
617 4597 782 4662 ternporitun
796 4596 929 4651 dunstan·
1020 4601 1029 4643 t
1047 4597 1195 4663 Arquuini.
1220 4597 1327 4651 ilectius
1340 4596 1463 4662 Arrqusti.
1485 4596 1535 4661 Qui
1550 4611 1604 4649 non
1620 4597 1770 4666 episcopus,

140 4666 201 4730 tini,
216 4662 362 4733 Nepotiuuo
377 4673 403 4717 et
416 4662 542 4718 Facundo
556 4667 724 4729 consulibus,
737 4682 750 4717 rr
763 4667 808 4720 dic
822 4681 856 4722 ιι
868 4666 929 4724 iial.
981 4664 1029 4722 sed
1047 4666 1188 4736 presbyter
1202 4665 1252 4720 luit
1271 4677 1297 4719 et
1311 4668 1460 4729 cotrlessor,
1475 4669 1603 4720 dedomo
1618 4668 1645 4720 S.
1661 4667 1771 4724 [teside-
1820 4704 1825 4716 .

135 4734 323 4799 Februarias,
349 4747 434 4800 usque
457 4733 484 4791 in
507 4733 577 4789 diem
601 4735 736 4790 llouarrun
752 4735 929 4803 ttctotrriunr,
981 4736 1032 4790 ruti
1046 4735 1168 4804 ejusdem
1185 4736 1260 4789 uritis
1273 4736 1412 4804 episcopi,
1436 4737 1515 4802 cujus
1533 4751 1628 4789 munus
1643 4749 1670 4790 et
1686 4739 1769 4806 pedes

139 4805 295 4859 consulibus
310 4802 536 4872 suprascriptis.»
565 4804 668 4861 liarcus
689 4804 779 4875 itaque
794 4805 931 4863 ordinatus
982 4807 1018 4859 ita
1033 4807 1259 4871 surrtcoutracri,
1287 4816 1315 4860 ot
1339 4806 1445 4860 nonnisi
1465 4809 1595 4873 geniculis
1619 4815 1645 4860 et
1670 4808 1770 4865 cuiritis

140 4885 183 4929 est
197 4870 332 4928 ennodii
348 4875 463 4941 pomifer
479 4875 625 4939 Romanus,
642 4873 769 4933 deiuncto
788 4877 931 4942 Silvestro,
981 4883 1190 4930 sustentaretur.
1219 4877 1245 4930 is
1265 4877 1335 4943 apud
1357 4876 1489 4928 Brivutern
1506 4875 1608 4929 eleernn
1624 4877 1682 4946 yuis
1695 4879 1772 4945 aulius

140 4946 185 5000 die
200 4945 304 4998 decirrra
318 4953 413 4996 octavu
428 4943 567 5009 iarruarri,
592 4944 636 4998 dre
653 4945 790 5003 ilomiuico
814 4957 841 5001 et
863 4947 932 5002 iesto
982 4956 1044 5009 tus,
1070 4945 1212 5001 utitmvtt
1225 4946 1372 5017 oratorium
1397 4947 1422 4998 iu
1444 4946 1574 5000 lrouorem
1597 4949 1625 5003 S.
1642 4947 1768 5016 liertiui3

140 5014 269 5068 cutlredra
283 5011 313 5068 S.
329 5013 400 5070 Petri
415 5013 505 5067 llornu
520 5014 656 5082 insignito.
681 5016 754 5070 Obiit
768 5029 859 5073 nutem
880 5017 932 5073 lruc
981 5030 1109 5084 quocum
1125 5016 1198 5073 illius
1213 5016 1339 5085 reliquias
1354 5015 1511 5080 detulisset,
1536 5019 1625 5076 stutiru
1640 5030 1769 5085 sanutus,

140 5085 201 5152 ipso
213 5084 267 5148 die,
281 5096 332 5137 non
349 5084 473 5138 obstante
486 5084 556 5154 qnod
568 5087 701 5138 doctioris
715 5087 842 5142 Cirrorrici
858 5100 931 5142 rere·
982 5086 1018 5140 ilri
1041 5101 1102 5140 cum
1124 5086 1226 5155 aliquot
1248 5085 1330 5140 sociis
1354 5086 1511 5153 regulariter
1527 5086 1639 5154 uirens,
1665 5090 1714 5144 luit
1736 5090 1772 5146 ab

141 5169 201 5210 rum
218 5152 370 5222 pontificum
384 5164 487 5218 auctor,
505 5169 537 5208 es
553 5168 639 5223 euque
656 5158 813 5211 Anastasius
829 5156 930 5222 etalii,
982 5157 1108 5224 episcopo
1123 5158 1148 5210 in
1167 5156 1277 5210 imsilica
1294 5155 1322 5210 S.
1337 5155 1524 5224 Syruplrocitni
1540 5157 1623 5211 abires
1638 5161 1772 5213 coustitu-

141 5224 233 5277 rlrcaut
246 5223 279 5278 de
291 5224 321 5278 S.
335 5222 435 5288 Alorco,
446 5224 516 5292 quod
528 5243 537 5279 r
550 5226 669 5293 sepultus
682 5238 722 5279 est
736 5227 762 5279 in
774 5230 931 5283 coemeterio
983 5236 1035 5289 tus,
1050 5236 1079 5281 et
1094 5226 1120 5281 itt
1136 5236 1249 5292 utroque
1266 5227 1325 5281 loeo
1341 5227 1485 5294 discipulos
1499 5227 1532 5281 ud
1548 5239 1649 5282 rectam
1664 5230 1771 5285 risendi

143 5294 261 5347 ltallrinae
275 5294 318 5346 uia
333 5292 477 5348 Ardeatino
496 5296 580 5361 pridie
595 5294 683 5349 [lorias
696 5296 836 5363 octonum
852 5316 862 5350 r
891 5299 932 5352 iu·
982 5296 1095 5350 lormam
1111 5296 1234 5351 instituit.
1256 5297 1322 5352 lluic
1336 5312 1383 5364 per
1397 5299 1482 5351 risum
1496 5302 1579 5352 semel
1594 5313 1625 5353 ac
1638 5300 1678 5352 tris
1690 5314 1773 5368 appa·

143 5362 281 5434 telligendl
301 5364 373 5417 enim
389 5372 451 5417 suut
464 5366 497 5419 de
511 5363 598 5432 eliqua
613 5364 672 5438 ejus
688 5369 873 5422 translatione.
900 5368 929 5425 S.
982 5365 1035 5421 ruit
1049 5369 1078 5422 8.
1094 5364 1218 5433 Ursinus,
1233 5368 1334 5435 priunrs
1346 5368 1409 5421 oiim
1423 5368 1598 5423 Bituriceusru
1609 5372 1770 5438 episcopum

142 5433 246 5488 ilorcus
256 5432 345 5488 adhuc
358 5434 497 5503 preslrpter
509 5435 644 5488 llornanos
656 5451 727 5489 auno
739 5436 792 5493 5ιό
804 5453 855 5494 uua
869 5453 930 5492 curu
981 5446 1008 5492 et
1029 5452 1090 5492 cum
1108 5437 1136 5492 8.
1152 5435 1287 5492 Germano
1302 5438 1446 5494 Purisieusi
1462 5441 1598 5508 episcopo,
1614 5439 1656 5493 cui
1672 5443 1773 5509 puriter

143 5504 259 5560 iltltiado
274 5518 340 5571 papa
356 5504 478 5559 interluit
490 5504 594 5574 syuodo
609 5504 734 5561 llrrmane
749 5509 774 5560 iu
787 5523 865 5563 causa
879 5509 931 5562 lio·
981 5515 1162 5575 apparuerat,
1188 5517 1216 5562 et
1240 5509 1351 5575 prelato
1374 5511 1402 5565 S.
1420 5509 1592 5569 Desidertto.
1619 5511 1768 5567 inventioni

143 5576 303 5628 truristnruur
319 5573 428 5636 lrelritre,
444 5575 540 5630 Euius.
556 5573 628 5632 Eccl.
646 5578 713 5632 tlrsr.
729 5594 755 5642 ι,
769 5577 797 5633 8.
980 5586 1008 5632 et
1019 5578 1184 5635 translationi
1207 5577 1327 5645 ejusdem
1349 5578 1380 5635 8.
1398 5579 1487 5634 Ursrni
1500 5579 1628 5634 rnterlriit.
1650 5581 1770 5641 Trudorrr

178 5643 303 5714 “Serpit
330 5645 380 5709 Qui
405 5645 430 5698 irr
457 5645 592 5712 provincia
615 5663 673 5716 que
694 5659 861 5719 nuncupatur
875 5649 929 5703 Art·
979 5649 1049 5702 circu
1063 5662 1108 5702 ιιι.
1121 5645 1174 5702 580
1188 5650 1265 5705 oltiil.
1282 5651 1367 5709 Gneo.
1382 5649 1485 5708 turos.
1502 5650 1781 5723 ciscissensium,

142 5721 219 5785 gusto
243 5714 436 5783 duplrmresiu,
463 5717 513 5770 sulr
534 5715 694 5775 llesirmuno
717 5721 878 5792 nummum
902 5728 929 5776 et
980 5732 1040 5794 cap.
1055 5716 1100 5773 80.
1193 5779 1199 5786 ,

346 5807 480 5871 Ριιιιοι.
500 5807 610 5879 xett’.
1575 5806 1615 5875 :tt
