3802 6126
128 302 183 361 sss
324 299 341 360 ;.·
681 298 780 357 secr.
799 297 832 354 ii.
851 327 885 338 -
904 295 1190 355 usnrtiioioeta.
1707 301 1771 360 toi
1832 273 1839 284 ’

772 406 885 465 episto
903 407 1135 465 ilotorttsrtSis.

127 526 242 570 oetatem
255 505 366 566 Galatia
379 505 514 561 ciuitatem
527 500 636 566 milites,
650 513 810 570 exsurgere
826 513 917 569 pet-se·
933 504 1049 570 soepit,
1071 511 1099 555 nt
1123 501 1178 556 duo
1199 500 1348 572 presbyteri
1371 510 1398 556 et
1419 509 1473 557 tres
1486 501 1589 558 diaconi
1603 544 1611 569 ‚
1638 505 1664 559 iti
1687 507 1764 564 ouini

128 601 247 661 tutionis
270 596 396 669 procella,
424 610 472 663 pro
495 594 664 650 confessione
684 592 801 648 niominis
820 590 919 646 siluisti
971 587 1031 644 ioco
1045 588 1200 659 episcopum
1215 605 1267 645 nou
1279 591 1562 661 desererent.propter
1578 594 1759 651 testimonium

130 692 253 767 piurimis
278 687 368 746 afflicti
384 687 535 751 corniearis,
559 684 734 741 Caliacurrim
755 698 839 755 usque
859 698 920 753 per·
971 681 1193 738 ecclesiasticum.
1213 681 1278 738 item
1301 683 1395 738 Notum
1422 687 1464 739 iia
1490 684 1575 756 Appii
1604 698 1760 744 sanctoruni

128 784 216 850 ducti,
232 794 312 852 atque
322 780 356 834 ilii
369 777 499 849 martyrio
512 776 633 832 coronati
649 784 731 842 suut;
747 790 863 845 cumque
877 789 922 828 ca·
972 785 1118 846 martyrum
1132 784 1336 845 nongentorum.
1351 776 1395 844 gui
1411 787 1473 833 sitiit
1487 778 1566 846 positi
1587 779 1614 834 iu
1627 791 1758 836 eminete·

129 876 186 946 psi
201 874 309 928 lictores
323 870 484 934 inciderent,
500 869 656 924 miraculum
673 867 779 937 populis
792 880 922 936 maguum
972 866 1013 922 rio
1026 869 1059 922 ad
1071 877 1190 923 salictam
1204 867 1350 925 cnciiiun.
1367 868 1468 925 Eodem
1481 871 1526 926 die
1541 873 1628 927 saneti
1643 872 1702 929 Gaii
1714 874 1762 928 Pa·

130 966 264 1036 apparuit.
291 962 358 1018 Nam
385 963 464 1017 unitis
487 961 593 1026 situlus,
613 960 786 1029 orariumque
811 957 922 1012 alterius
973 958 1099 1027 latini.iu
1114 964 1290 1017 maremersi.
1312 963 1404 1018 lloune
1419 964 1628 1034 depositioiulii
1642 967 1763 1036 episcopi

130 1057 205 1113 uttlie
218 1064 383 1123 susceptum,
398 1060 427 1107 et
440 1052 467 1106 iu
486 1050 571 1106 coelos
586 1060 708 1105 erectum
723 1060 774 1105 esi.
792 1048 924 1105 Viderunt
973 1062 1001 1109 et
1014 1053 1176 1120 Nicomedis.
1192 1063 1219 1109 et
1228 1056 1318 1124 passio
1329 1066 1483 1113 sanctorum
1495 1057 1605 1113 Adriani
1620 1073 1682 1114 cum
1700 1060 1762 1115 aliis

131 1148 192 1205 liaeo
206 1143 356 1217 omnesqui
368 1144 494 1210 aderant,
507 1151 536 1199 et
549 1143 772 1212 usgueonoacies
784 1142 924 1198 oculorum
974 1157 1087 1198 nituiero
1103 1145 1209 1214 triginta
1226 1145 1319 1200 tribus.

130 1237 275 1294 intendero
290 1236 387 1307 potuit,
402 1235 533 1305 fulgorem
549 1234 619 1302 sori,
636 1233 923 1304 candoremquelintei
1009 1234 1042 1288 A.
1060 1233 1090 1288 iit
1106 1234 1173 1289 Nutt.
1198 1235 1308 1291 Minati.
1325 1235 1452 1306 -Apud
1476 1237 1644 1296 Antiochiam
1670 1245 1764 1312 passio

130 1335 245 1391 attonito
254 1332 433 1404 monebantur
447 1330 554 1386 intuitu.
571 1330 674 1386 Scribit
688 1329 746 1384 lime
761 1328 923 1384 Aurelianus
975 1327 1059 1380 sancti
1084 1327 1180 1380 Pliueai
1195 1328 1323 1397 martyris
1335 1368 1345 1393 .
1359 1328 1404 1397 qui
1422 1339 1481 1396 post
1501 1332 1615 1397 multis,
1631 1348 1697 1402 ipius
1711 1349 1761 1404 pru

130 1426 269 1492 Clemens,
293 1424 320 1479 in
346 1423 415 1479 libro
438 1420 643 1478 Coronatornm.
672 1419 749 1488 driud
771 1418 924 1475 Caesaream
975 1417 1083 1474 uomiue
1096 1415 1281 1484 liedctuptoris
1295 1426 1334 1472 esi
1351 1430 1456 1485 passus.
1470 1417 1713 1488 iujurias,unalitei
1726 1422 1761 1477 de

131 1515 281 1574 Palaestinae
302 1521 456 1569 sanctorum
480 1522 638 1582 martinum.
666 1511 756 1566 militis
783 1509 880 1565 Netini
899 1518 926 1563 et
975 1509 1084 1576 antiquo
1101 1508 1147 1562 illo
1162 1517 1286 1578 serpente
1309 1509 1522 1576 trtiiinptnierti.
1546 1511 1627 1565 liolie
1656 1526 1770 1581 quintine,

132 1608 233 1665 Asterii
248 1607 390 1670 senatoris.
417 1604 466 1659 sub
482 1602 669 1672 persecutione
685 1600 829 1657 Valeriani.
851 1598 926 1654 Sori-
977 1599 1081 1669 populis
1095 1598 1258 1653 declaratur.
1283 1599 1403 1668 lleuigne
1423 1601 1447 1653 si
1467 1599 1493 1654 in
1509 1601 1663 1669 quempiam
1678 1603 1766 1659 locum

138 1709 213 1770 pluat
227 1707 269 1754 est
283 1697 309 1751 iu
326 1695 441 1752 Historia
456 1694 649 1750 ecclesiastiea.
666 1693 698 1748 Ei
712 1694 800 1748 uati'e
814 1704 925 1748 sancto·
977 1691 1085 1745 coluber
1098 1704 1216 1744 morsum
1229 1689 1375 1759 stringens,
1389 1703 1491 1744 tenena
1502 1689 1647 1758 didiiderit,
1659 1704 1767 1748 eateni-

135 1805 196 1846 rum
220 1787 325 1853 Telicis,
350 1785 461 1850 Luciuli,
487 1783 637 1848 Fortunati,
664 1782 778 1850 liaicim,
799 1782 922 1852 Herodis,
978 1781 1077 1852 ploqni
1094 1794 1234 1850 percussus
1248 1788 1308 1846 est,
1329 1790 1358 1835 ut
1373 1779 1483 1849 januam
1505 1782 1624 1836 Basilicas
1642 1786 1768 1854 martyris

136 1879 292 1949 Aniigouii,
319 1876 455 1943 ianuarii,
481 1875 613 1942 Tutellae,
637 1873 769 1941 Gabiaui.
794 1875 924 1944 Quiriuli3
943 1854 1091 1928 Bcroilens
1106 1870 1244 1942 attigerit.
1260 1880 1389 1926 evacuate
1403 1873 1501 1926 virtute
1520 1872 1617 1928 reuerii
1636 1874 1768 1929 saliatur.

137 1974 202 2029 item
218 1970 326 2037 Felicis,
343 1968 470 2036 Floriani,
486 1969 591 2023 Donati.
978 1961 1044 2017 item
1069 1962 1128 2030 ipso
1142 1960 1187 2015 die
1205 1960 1291 2015 saneti
1317 1960 1424 2016 Eusebii
1449 1961 1572 2028 Pilniiui,
1596 1973 1623 2017 et
1649 1963 1766 2020 alioruin

172 2063 204 2119 G.
219 2063 251 2119 lv
265 2061 332 2117 Noti.
348 2061 457 2116 liinrti.
469 2089 506 2102 -
520 2059 614 2115 Natale
627 2061 711 2115 sancti
724 2059 801 2116 Lucii
816 2076 891 2131 papae
901 2070 928 2116 et
979 2069 1077 2110 tiorem
1093 2064 1250 2125 martyrum.

135 2155 274 2224 martyris,
289 2153 334 2220 gui
348 2152 535 2221 persecutione
561 2151 693 2206 Valeriani
707 2160 737 2208 et
751 2151 869 2219 Galieni,
893 2154 928 2208 oli
1015 2145 1046 2201 ii·
1069 2145 1142 2199 Ptin·
1163 2143 1230 2200 NON·
1251 2144 1361 2200 Militi·
1374 2172 1409 2186 ·-·
1423 2143 1586 2201 Nicomedis
1602 2148 1690 2203 natale
1705 2162 1768 2203 sait-

135 2245 217 2300 ittiem
228 2244 326 2299 Gltristi
338 2243 436 2298 exsilio
450 2242 592 2312 relegatus.
606 2253 633 2298 et
649 2243 818 2312 postmodum
833 2244 927 2300 diuino
979 2248 1082 2293 morum
1101 2236 1214 2292 lictoris
1225 2243 1251 2292 et
1267 2235 1405 2303 Victorini,
1421 2236 1465 2307 qui
1481 2253 1528 2307 per
1543 2238 1687 2293 triennium
1706 2255 1767 2295 cuin

137 2345 205 2391 nutu
219 2333 253 2388 ιιι
278 2331 426 2388 Ecclesiam
450 2346 525 2387 suant
540 2332 628 2387 redire
651 2333 808 2405 permissus,
825 2345 926 2404 marig-
980 2327 1126 2384 Claudiano
1148 2335 1176 2381 et
1200 2327 1279 2381 Bassa
1295 2342 1377 2381 uxore
1391 2342 1437 2381 sne
1453 2329 1596 2382 tormentis
1611 2328 1718 2396 alssi‘cti,
1737 2341 1766 2383 et

135 2443 206 2480 rnuu
224 2427 318 2497 capitis
345 2422 549 2481 obtruncatione
571 2425 739 2493 couipieiit;
758 2427 858 2495 positus
881 2437 925 2482 cst
977 2423 1074 2480 retrusi
1091 2423 1116 2476 in
1131 2435 1276 2484 carcerem.
1289 2421 1388 2475 ibidem
1402 2423 1463 2475 titre
1477 2435 1534 2476 sttie
1546 2435 1655 2476 cursum
1667 2422 1764 2490 imple·

137 2520 181 2573 ιιι
203 2517 286 2587 Appia
298 2517 331 2572 ad
348 2525 469 2572 sanetum
491 2516 606 2572 sixtum.
632 2516 707 2572 sedit
725 2528 815 2574 antem
829 2519 855 2573 iit
869 2518 925 2588 epi·
977 2524 1082 2572 rerunt.
1098 2514 1132 2570 Ei
1143 2512 1276 2580 depositio
1286 2514 1369 2566 ssucti
1385 2511 1502 2579 Qnirisci
1517 2513 1678 2584 presbyteri.

134 2618 245 2677 scopato
260 2622 344 2663 annos
358 2616 421 2676 tres,
438 2620 544 2662 meuses
559 2615 623 2672 tres,
638 2607 696 2663 dies
707 2617 772 2664 tres.
788 2608 836 2664 liic
852 2624 923 2674 prce·
1012 2606 1042 2661 tt.
1062 2605 1129 2660 Noai.
1150 2604 1259 2658 lliirit.
1272 2632 1305 2643 -
1321 2605 1349 2659 ln
1363 2604 1528 2670 llauiitauia,
1542 2606 1650 2661 ciuitate
1661 2606 1767 2662 Tuder-

762 2696 875 2753 siritio
894 2693 1144 2752 trottnitttisiii.

172 2787 217 2853 tt..
231 2788 281 2844 ss.
297 2788 465 2859 ¹Emyilierii
479 2800 505 2843 et
519 2787 656 2843 Ceiedouii
668 2799 694 2843 et
705 2786 840 2858 Calagurri
855 2805 926 2844 mar·
978 2804 1024 2844 sii.
1042 2790 1074 2844 A.
1088 2787 1121 2841 T.
1137 2786 1178 2854 in,
1195 2786 1287 2842 Natale
1298 2785 1347 2842 88.
1364 2787 1483 2853 Adriani,
1501 2788 1621 2850 Riisiici.
1642 2789 1769 2857 Victoris,

136 2866 148 2912 t
167 2874 236 2913 rum.
250 2859 280 2912 i.
296 2858 326 2911 C.
353 2858 386 2912 A.
397 2858 430 2912 T.
445 2859 488 2924 t...
500 2858 607 2924 Felicis,
618 2860 698 2923 insti,
712 2859 863 2914 Fortunati.
881 2860 925 2929 tt..
979 2869 1006 2916 et
1032 2859 1149 2913 litisebii.
1166 2858 1196 2912 i..
1219 2859 1356 2925 praemittit
1380 2860 1484 2913 locum:
1500 2861 1527 2912 lo
1550 2860 1700 2915 Ainioeliia.
1730 2862 1764 2917 A.

164 2927 257 2994 areiae,
273 2927 410 2997 Antigoni,
422 2928 550 2984 Jauiiarii.
567 2930 599 2983 T.
613 2929 743 3000 praeponit
754 2930 840 2986 locum
861 2946 925 3001 ago·
979 2929 1055 2984 deest
1066 2928 1164 2983 llicior.
1177 2931 1207 2982 il.
1223 2928 1265 2988 T..
1275 2928 1422 2982 Antiochiae
1433 2929 1520 2996 passio
1532 2930 1559 2984 s.
1573 2928 1673 2985 rodei
1685 2931 1766 3001 uirgi-

136 3002 201 3055 tiis:
219 2999 246 3053 iti
258 2996 345 3052 Airiea
360 2999 447 3052 natale
461 2998 523 3062 ss..
534 3008 587 3052 etc.
977 3000 1029 3053 nis.
1045 2998 1090 3060 T..
1106 2998 1205 3051 Eodem
1231 2997 1282 3060 die.
1306 2997 1332 3051 iu
1347 2997 1430 3053 Gallia
1444 2999 1552 3054 ciuitate
1566 3001 1765 3068 suessionensi,

172 3089 203 3146 4,
216 3117 253 3131 ..
267 3088 299 3145 gv
313 3089 414 3145 pom
428 3088 511 3144 pm,
524 3089 614 3145 pipp„
976 3070 1109 3140 depositio
1124 3069 1153 3125 S.
1168 3066 1182 3105 l
1198 3067 1350 3123 Deuotionis
1363 3069 1491 3138 episcopi.

172 3180 241 3249 [Ψ
253 3178 324 3234 inicii
341 3194 415 3249 pape
427 3188 455 3235 et
468 3182 591 3251 martyris
602 3188 629 3234 et
639 3180 752 3237 aliorum
764 3182 962 3267 sortitum-0
1015 3163 1042 3216 ⁶·
1056 3189 1091 3202 “·
1101 3160 1123 3216 ¹¹
1137 3158 1204 3215 ΝΜ·
1221 3159 1303 3214 vm‘
1318 3159 1405 3260 ΒΨ·

136 3259 225 3307 torum
250 3259 406 3320 martyrum.
432 3249 462 3303 t.
490 3248 534 3313 C..
557 3250 659 3305 Natalis
683 3261 828 3320 martyrum
848 3264 923 3309 octo·
1012 3252 1044 3307 Ι).
1069 3254 1102 3308 A.
1118 3251 1150 3305 T.
1164 3250 1206 3316 l...
1223 3249 1374 3305 Nicomedia
1391 3250 1503 3308 Victoris
1517 3259 1544 3306 et
1558 3250 1694 3308 Victorini.
1709 3253 1766 3310 Ad·

155 3324 208 3376 ints
221 3320 312 3375 decem
327 3319 379 3392 [d.
395 3318 500 3390 occci].
524 3319 617 3374 Romae
640 3322 771 3388 depositio
790 3322 852 3378 iulii
867 3322 922 3395 lli..
973 3322 1012 3378 dit
1026 3323 1057 3377 [ι.
1074 3338 1082 3374 ε
1097 3323 1143 3391 qui
1158 3323 1302 3377 incarcere
1315 3322 1413 3375 mortui
1428 3332 1499 3375 sunt.
1513 3324 1545 3375 A.
1563 3322 1607 3386 T..
1630 3324 1663 3378 Et
1680 3326 1765 3392 depo·

135 3335 257 3463 iuliani]
277 3389 404 3460 episcopi,
428 3398 456 3447 et
478 3392 590 3446 aliorum
606 3391 696 3461 uiginti
715 3400 827 3461 septem.
841 3395 874 3447 A.
887 3394 919 3450 T.
972 3394 1036 3447 sitio
1059 3393 1088 3448 S.
1110 3391 1260 3446 Claudiani.
1274 3391 1319 3456 T..
1334 3390 1368 3445 lit
1388 3391 1396 3427 ¹
1418 3391 1526 3447 iliodori
1541 3400 1569 3448 et
1582 3393 1716 3449 llercurii.
1733 3396 1764 3450 ι...

136 3460 182 3524 t..
196 3462 288 3515 Numae
304 3461 435 3531 depositio
448 3459 511 3516 tulii
528 3463 657 3531 episcopi,
672 3462 782 3517 sisinnii
802 3472 830 3518 et
844 3461 920 3532 Gagi.
971 3461 1145 3517 Claudianum
1157 3473 1183 3517 et
1199 3461 1358 3515 Mercurium
1381 3462 1468 3530 jungit
1486 3462 1591 3515 duobus
1606 3464 1709 3530 primis.
1727 3465 1757 3518 li.

138 3531 173 3586 itt
188 3532 229 3584 ria
244 3531 328 3599 Appia
342 3532 430 3586 uitale
444 3541 596 3586 sanctorum
621 3541 766 3604 martyrum
785 3532 923 3603 octingcu-
971 3532 1002 3588 C.
1019 3534 1122 3601 plenius
1136 3542 1164 3586 et
1177 3530 1330 3585 distinctius
1352 3531 1386 3584 de
1408 3531 1449 3584 liis
1462 3549 1469 3582 :
1483 3529 1511 3583 iu
1539 3531 1692 3587 Nicomedia
1713 3533 1761 3589 t'i-

139 3610 238 3654 toi-um.
255 3600 285 3655 ι..
314 3609 402 3655 tameo
419 3602 467 3656 lios
480 3600 619 3670 conjungit
634 3601 766 3671 prioribus
778 3610 806 3654 et
823 3606 921 3671 pariter
972 3603 1066 3666 cturis,
1080 3600 1221 3668 Victorini,
1235 3601 1279 3669 qui
1296 3617 1343 3666 per
1362 3601 1506 3655 triennium
1531 3600 1557 3652 iu
1579 3603 1767 3668 perseeutione

137 3684 233 3725 omines
246 3671 272 3723 in
286 3673 440 3727 coemeterio
454 3672 496 3725 ιιι
511 3671 595 3740 Appia
610 3671 732 3725 collocat.
745 3672 778 3727 A.
790 3672 835 3737 T..
847 3673 924 3728 Nico·
980 3673 1048 3741 apud
1057 3673 1194 3741 Apautiam
1208 3671 1341 3725 civitatem
1354 3668 1599 3732 Bitiiiuiaeethiliiti
1614 3686 1674 3727 cuin
1685 3673 1765 3729 Clau-

138 3740 234 3795 ttietliae
246 3755 333 3808 passio
345 3743 373 3796 s.
387 3740 522 3795 duditant
537 3756 598 3797 cuin
612 3741 673 3797 silis
686 3742 778 3813 uiginti
798 3744 883 3799 triltus
898 3753 925 3799 et
979 3742 1059 3797 dieue
1074 3754 1100 3795 et
1114 3743 1194 3794 Bassa
1211 3754 1294 3793 uiore
1304 3741 1362 3810 ejus
1375 3781 1383 3806 ,
1400 3756 1444 3810 ipit
1464 3757 1495 3795 et
1513 3740 1589 3796 laicis
1608 3743 1672 3797 tenti
1688 3753 1768 3812 stipite

138 3807 250 3868 Nsmliae
264 3811 356 3864 uxoris
370 3810 439 3878 ejus.
980 3810 1119 3866 tormentis
1132 3812 1221 3865 multis
1232 3810 1321 3864 adiicti
1333 3822 1359 3866 et
1375 3812 1471 3865 retrusi
1485 3812 1512 3865 in
1524 3826 1658 3867 carcerein
1669 3814 1767 3870 iliident

173 3899 202 3955 5·
218 3926 247 3939 ,,
258 3898 291 3954 m
306 3897 372 3955 Nou·
385 3898 468 3954 pac„
483 3899 570 3955 Μ,
980 3880 1040 3936 sitae
1054 3896 1109 3936 siiae
1121 3895 1229 3935 cursum
1243 3879 1431 3950 impleverunt.
1445 3881 1513 3948 Quid
1528 3884 1550 3935 si
1561 3882 1630 3937 inite
1643 3885 1700 3939 tinec
1712 3885 1765 3940 sint

176 3990 220 4056 il..
235 3991 375 4049 Autiucliiti
391 3991 422 4049 8.
434 3995 545 4050 ‘Pliocee
560 3995 693 4066 iuertyris,
709 4008 736 4050 et
749 3994 777 4051 S.
796 3996 805 4034 ¹
820 3996 924 4051 Eusebii
981 3951 1066 4006 ΒΜ
1081 3953 1107 4005 ὴ,
1122 3952 1181 4006 ³¹ii⁵
1194 3950 1256 4005 Μεθ’
1280 3961 1380 4006 mmm
1392 3952 1509 4006 “mimi
1525 3951 1570 4007 55⁰
1585 3955 1689 4010 ”idam
1708 3955 1767 4012 ³4⁰

138 4061 259 4128 Palatini,
274 4072 302 4117 et
315 4064 426 4117 aliorum
439 4075 501 4119 octo
514 4074 670 4136 martyrum.
686 4064 717 4119 ιι.
732 4064 777 4130 C..
794 4065 822 4121 lu
834 4065 923 4121 Africa
981 4022 1112 4089 'epm'
1126 4030 1152 4075 ⁰¹
1165 4019 1367 4138 ‘'²¹¹⁵“i'9sjm
1377 4021 1519 4123 N‘ffffi‘fflff·

137 4130 259 4188 Adriani.
276 4131 304 4188 lu
319 4132 458 4190 Antiochia
470 4136 557 4205 passio
568 4133 598 4191 S.
612 4134 699 4191 Fcere.
711 4136 754 4204 C,
767 4138 799 4192 Et
809 4138 922 4191 aliomin
1013 4112 1040 4165 i·
1051 4139 1088 4152 -
1098 4109 1187 4166 Nouis.
1204 4113 1281 4180 Apud
1294 4111 1481 4181 carthaginem
1499 4123 1506 4162 i
1526 4111 1665 4183 Perpetum
1675 4122 1704 4171 et
1718 4113 1769 4174 ti-

847 4225 950 4282 sitisti
968 4224 1083 4281 NOTAE.

173 4321 189 4353 ⁸
203 4312 355 4384 limpidioris.
369 4315 434 4370 lime
447 4314 578 4372 sententia
593 4314 642 4370 ltoc
664 4315 743 4370 modo
754 4315 920 4371 emendanda
1013 4313 1022 4355 t
1042 4315 1154 4372 Eurelii.
1173 4315 1201 4370 io
1216 4316 1303 4371 Airica
1317 4317 1343 4370 Ιιι
1360 4325 1491 4387 martyres
1506 4316 1578 4387 passi
1592 4326 1666 4373 suut.

136 4393 179 4439 est
191 4399 199 4437 :
213 4384 359 4455 calagurri.
371 4389 487 4450 ciuitate,
501 4399 552 4454 sc.,
569 4386 716 4440 Vasconum
736 4387 856 4454 antiquo,
868 4385 916 4441 ss.
933 4416 958 4478 υ
1006 4395 1019 4433 t
1042 4385 1163 4455 Virginis.
1180 4387 1277 4443 Errare
1291 4402 1326 4442 ex
1352 4389 1536 4443 terminatione
1552 4389 1624 4444 uocis
1647 4390 1679 4442 iii
1696 4403 1761 4447 casu

137 4452 285 4522 Emytlterii
300 4469 327 4510 ei
340 4455 477 4510 Celedonii
491 4466 648 4526 martyrum.
660 4456 710 4521 Qui
722 4458 835 4524 primum
847 4456 917 4524 atiud
970 4456 1088 4530 genitivo
1098 4466 1204 4512 exorto.

138 4520 331 4594 legoniensem
353 4526 464 4581 Galatiae
488 4526 623 4580 ciiitsieni
649 4527 764 4588 militet.
790 4524 921 4595 flagrante
1007 4525 1195 4583 hllruuiionit.
1212 4526 1259 4583 Vel
1274 4526 1387 4583 Drausii.
1404 4528 1454 4595 Qui
1477 4528 1609 4584 nobilibus
1635 4529 1755 4593 parenti-

136 4594 339 4664 persecutione,
356 4611 404 4665 pro
417 4595 586 4650 contessione
601 4596 715 4650 nominis
729 4595 827 4651 Christi
845 4594 921 4650 iiam·
971 4597 1019 4652 lius
1043 4604 1120 4652 nattis
1143 4607 1203 4663 est.
1226 4608 1315 4664 patre.
1331 4613 1384 4662 sc..
1401 4600 1568 4654 Leudomnro
1580 4607 1609 4654 et
1627 4598 1757 4654 ilaeliildu

142 4664 195 4717 ruis
205 4666 360 4742 ungulisque
371 4666 470 4732 retati,
481 4675 508 4721 et
519 4665 683 4734 Calagurrim
695 4679 778 4735 nsque
789 4667 920 4735 perducti,
971 4677 1074 4722 matre:
1089 4667 1118 4721 8.
1130 4667 1255 4722 Atttsrico
1268 4669 1395 4737 episcopo
1408 4670 1595 4724 suessionensi
1617 4668 1753 4723 instruen-

136 4742 265 4788 ttiartirin
279 4735 397 4789 coronati
411 4745 483 4790 suni.
498 4734 577 4790 itata
594 4736 677 4803 iulg,
692 4745 721 4789 et
733 4735 790 4790 alii.
971 4736 1021 4791 diis
1036 4736 1159 4802 traditur.
1177 4737 1228 4792 siti)
1248 4738 1325 4808 cujus
1347 4752 1502 4795 successore
1517 4740 1654 4794 ttottoleuo
1669 4738 1697 4791 lit
1713 4754 1756 4791 ar·

172 4800 187 4840 ι
202 4788 286 4856 Lucii.
299 4805 349 4869 Qui
360 4805 438 4860 ltodie
448 4811 482 4859 att
494 4806 597 4871 Adone,
613 4806 690 4860 Baeda
701 4806 783 4873 iulg..
799 4804 921 4861 Usuardo
971 4806 1156 4872 ctiidiaconns.
1169 4821 1222 4874 guo
1243 4808 1311 4861 ultro
1331 4809 1498 4879 relinquente
1508 4811 1694 4878 episcopatum
1708 4809 1757 4864 oli·

136 4881 164 4927 et
179 4870 479 4941 saikainei-strator.
498 4874 599 4930 colitur
620 4876 700 4931 etiem
716 4876 784 4930 inira
801 4877 922 4931 nidu-
972 4875 1042 4945 gitur
1055 4876 1154 4944 ipsein
1169 4877 1333 4946 episcopum.
1346 4878 1405 4933 loco
1419 4879 1462 4933 cui
1478 4879 1635 4936 iocatmlum
1651 4880 1754 4934 Notutt·
1851 4932 1856 4943 ,

135 4943 218 5011 gusti.
972 4944 1020 5001 das
1043 4946 1156 5001 inditum
1180 4957 1236 5010 est,
1261 4961 1309 5015 pro
1330 4948 1392 5003 uiris
1414 4949 1528 5003 exstruit
1554 4954 1761 5015 monasterium,

173 5010 420 5083 ‘vulneratorum
445 5017 485 5070 lllt
506 5015 565 5069 aliis
588 5014 733 5083 octingenti
756 5013 866 5079 tlecetri.
881 5014 923 5070 rei
973 5024 1065 5084 postea
1079 5017 1150 5070 aliud
1166 5032 1214 5086 pru
1227 5017 1373 5087 uirgiiiibits
1394 5027 1469 5072 cnrit
1486 5019 1520 5073 ali
1536 5018 1654 5073 Eiiroino
1674 5019 1760 5074 noliiii

136 5084 280 5150 nongenti,
296 5087 335 5138 iel
347 5088 473 5155 antigonii
487 5085 580 5140 iieeein
596 5094 780 5139 numerentur.
792 5085 842 5152 Qui
853 5087 922 5153 passi
973 5085 1108 5153 aediiicari,
1118 5085 1227 5156 jurante
1241 5087 1374 5142 Leutrude
1384 5093 1441 5158 eins
1451 5104 1544 5153 orote,
1556 5093 1671 5160 denique
1685 5104 1759 5143 iuer·

136 5162 199 5205 sitiit
213 5152 305 5208 Notitae
318 5153 359 5208 ria
375 5158 471 5224 Appia,
483 5166 509 5210 et
521 5155 597 5224 positi
613 5155 711 5208 suutiii
722 5156 922 5210 emmeteritiad
975 5163 1036 5209 tuus
1057 5166 1098 5211 est
1120 5159 1192 5211 circa
1212 5171 1311 5213 minutii
1334 5159 1404 5222 still,
1427 5169 1453 5214 et
1475 5161 1596 5228 sepultus
1612 5162 1638 5215 itt
1654 5159 1767 5215 basilios

136 5219 166 5277 S.
182 5221 328 5278 emeliam.
342 5226 416 5292 Ado.
439 5224 564 5291 Notion,
588 5225 738 5290 Naruti'ius,
763 5236 791 5278 et
815 5225 922 5294 plurimi
974 5225 1234 5281 sanctimonialium.

137 5290 193 5347 tilii.
1014 5293 1022 5332 ι
1043 5294 1159 5350 iliodori.
1175 5297 1307 5354 Notlierus
1331 5296 1378 5356 lios
1401 5297 1521 5371 Nicopoli
1538 5308 1668 5369 martyres
1681 5297 1765 5353 luisse

173 5359 188 5399 ι
203 5362 323 5418 Adriani.
339 5363 501 5423 solemnitas
521 5364 580 5435 eius
599 5367 678 5420 etium
690 5363 842 5420 celebratur
856 5361 924 5421 iniri
974 5365 1080 5421 scribit.

137 5442 183 5486 stit
196 5430 372 5502 septetnltris.
1013 5434 1020 5486 i
1041 5433 1184 5504 Perpetuo.
1206 5436 1269 5492 Nee
1286 5452 1346 5494 cuui
1362 5438 1442 5495 sociis
1456 5453 1536 5508 passi
1551 5445 1592 5493 cst
1617 5438 1768 5493 secundum

174 5506 187 5535 ·
202 5499 310 5556 Pducoe.
325 5504 410 5561 Tertia
421 5505 617 5562 limardimnt:
631 5503 681 5569 Qui
691 5512 748 5572 post
758 5504 852 5558 meiius
862 5520 925 5574 gius
976 5505 1134 5561 Bollandunt
1150 5521 1219 5562 sntio
1231 5508 1298 5572 eds.
1310 5508 1376 5565 Geta
1391 5512 1497 5565 casare
1508 5517 1535 5564 et
1546 5509 1665 5577 septiioo
1676 5508 1761 5562 Plau·

134 5587 184 5642 pro
196 5573 299 5626 nomine
312 5572 487 5644 Redeoiptorit
496 5586 533 5630 ist
544 5591 633 5645 patius
643 5576 764 5643 injurios.
775 5575 883 5638 audirer
893 5578 925 5629 de
976 5585 1051 5631 tiano
1061 5589 1135 5632 coss.
1149 5576 1227 5631 ilcila
1245 5580 1326 5649 iulg..
1338 5581 1412 5644 Ado,
1428 5579 1579 5644 usuardus,
1594 5576 1727 5633 Nutlerus
1739 5587 1768 5632 et

134 5643 241 5709 urtinse
253 5643 299 5696 ilio
309 5659 422 5714 serpente
432 5646 633 5716 trimitpliiuriit,
646 5645 719 5698 laodic
730 5660 828 5712 guoque
838 5661 919 5714 popit-
976 5645 1021 5698 alii
1045 5661 1092 5700 eos
1117 5650 1271 5718 martyrium
1296 5652 1390 5704 iecisse
1415 5649 1534 5704 scriltunt
1554 5649 1580 5703 iu
1606 5647 1766 5703 ttaiutnnia

135 5714 166 5767 tis
182 5712 340 5767 declaratur.
978 5715 1084 5770 civitate
1112 5715 1363 5776 Tiiliurliiianorntn.
1391 5719 1444 5775 sed
1472 5719 1523 5776 liuc
1551 5719 1637 5790 ipsum
1665 5720 1764 5789 probat
