3802 6126
124 120 177 175 uui
518 111 620 168 BEDAE
643 111 868 166 verisimilius
886 111 961 165 θΡΡ.
983 111 1070 168 PARS
1091 111 1135 167 tii.
1155 141 1189 152 -
1210 109 1400 168 dissordes.
1704 114 1758 171 eut

760 225 876 279 ubttto
895 224 1126 284 cobodtudstS.
1190 236 1192 240 '

128 325 245 384 Turonis
265 320 405 379 transsatio
419 321 503 377 sancti
518 319 622 374 iiartiui
637 318 755 388 episcopi
767 327 795 375 et
809 317 915 374 conict-
928 324 952 379 A
965 334 1025 388 que
1045 320 1111 388 ripis
1128 318 1212 375 libeni
1229 319 1347 376 fluminis
1360 320 1498 394 contigua,
1514 323 1636 395 Trigoric
1652 343 1758 386 nnncrr.

130 419 211 481 soris,
236 421 265 470 et
288 413 423 469 ordinatio
448 412 616 480 episcopatus
640 409 708 477 ejus,
734 417 761 464 et
786 409 917 465 dedicatio
968 416 1055 478 patur,
1071 417 1151 476 atque
1166 410 1199 463 ad
1214 409 1355 464 ditucsim
1375 412 1491 480 pertinet
1514 414 1703 486 Treuirorum,
1723 420 1758 476 ibi

129 507 246 563 basilice
262 507 356 573 ipsius.
372 503 400 558 iu
417 504 504 556 Airica
520 502 604 554 suncti
619 499 779 554 lucuudiani
793 502 917 571 martyris
969 499 1025 554 [ico
1044 499 1127 555 libere
1142 503 1244 556 serxire
1257 501 1365 571 delegit.
1381 506 1502 573 usquein
1517 509 1597 562 linem
1612 510 1675 566 rite
1687 528 1755 570 suae.

129 598 157 652 in
179 612 252 652 utare
278 594 369 650 mersi.
394 591 472 661 Apud
498 590 625 646 Sirmium
651 590 740 644 natale
762 601 916 645 sanctorum
967 588 1060 645 iiotnae
1080 590 1167 646 natale
1188 593 1272 646 suncti
1297 593 1472 664 Traxtqttiiiiui
1498 599 1645 669 martyris,
1675 606 1758 671 patris

134 686 299 751 iunocentii,
326 683 469 750 Sabbatiae,
491 696 550 734 cum
573 680 632 732 aiis
655 681 772 748 triginta.
796 680 823 734 tn
846 680 918 734 Bitu-
968 688 1121 735 sauctorum
1142 681 1222 735 ltarci
1243 692 1270 736 et
1285 681 1459 747 Marcelliani.
1483 688 1527 755 qui
1542 689 1575 741 ad
1588 691 1758 757 praedicatio·

135 780 188 833 rica
202 778 308 833 ciuitate
322 774 410 829 natale
424 771 509 826 suncti
526 769 649 823 Lauriani
671 770 806 841 martyris,
826 780 854 825 et
872 769 918 826 de·
969 786 1029 825 ttem
1055 771 1123 826 beati
1151 773 1299 828 sebastiani
1323 775 1435 831 credens
1451 777 1477 831 in
1497 777 1640 834 bunriuum
1665 781 1757 839 lesum

134 869 232 940 pusilio
246 867 330 924 suncti
347 863 443 920 nutrici
458 863 577 933 episcopi
593 869 620 916 et
633 861 808 917 coniessoris.
969 858 1118 928 Cbristum,
1130 862 1175 918 die
1189 873 1344 920 octavarum
1359 869 1543 936 apostolorum
1557 872 1621 926 duru
1638 875 1672 927 ad
1687 875 1756 932 beati

168 960 200 1015 b.
232 959 264 1012 iil
278 959 344 1010 Nou.
369 953 447 1010 tout.
468 953 545 1022 Apud
568 952 672 1024 Syriam
698 952 783 1006 sancti
808 950 916 1007 Domitii
973 952 1047 1008 i‘auii
1059 953 1258 1011 confessionem
1272 967 1374 1026 oraret,
1388 968 1477 1015 tentus
1491 976 1505 1015 a
1519 965 1632 1033 paganis
1644 980 1678 1020 ac
1691 967 1758 1036 iapi-

133 1050 268 1121 martyris,
284 1048 327 1118 nui
343 1047 485 1101 uirtutibus
503 1046 561 1100 suis
581 1044 663 1100 rutdta
679 1045 774 1099 tncoiis
790 1043 918 1100 beocilcia
969 1041 1048 1097 dutus
1058 1044 1215 1116 martyrium
1230 1049 1435 1103 consummarit.

134 1146 251 1210 prastat.
269 1139 360 1192 liotore
374 1136 461 1191 natale
475 1145 574 1188 sanetae
590 1134 662 1200 Zure,
681 1134 775 1189 uxoris
790 1135 859 1190 beati
875 1134 919 1189 ilt-
1006 1131 1036 1186 F.
1057 1133 1124 1188 Nou.
1139 1133 1218 1190 tucri.
1240 1135 1333 1190 bootae
1352 1137 1492 1194 beatorum
1503 1150 1661 1213 martyrum,
1678 1142 1759 1201 iiico·

130 1230 239 1286 costrtti
261 1229 396 1295 martyris,
420 1241 481 1296 que
494 1226 527 1280 ad
542 1224 741 1281 contessionem
762 1226 832 1281 beau
844 1225 917 1282 Petri
969 1225 1046 1278 strati
1066 1225 1248 1293 primiscrinii,
1267 1226 1371 1283 Claudii
1386 1235 1648 1299 commentariensis,
1664 1236 1758 1292 caste

132 1319 247 1391 apostoli
261 1320 323 1374 dum
338 1326 443 1382 oraret,
458 1331 473 1371 a
488 1317 598 1388 paganis
613 1327 724 1386 arctata,
739 1318 816 1372 ducta
830 1317 918 1373 estad
970 1320 1002 1375 rii
1020 1319 1162 1391 Victorini,
1176 1322 1368 1392 Simpboriani,
1384 1340 1452 1395 quos
1467 1326 1561 1383 beatus
1582 1329 1759 1388 Scitastianux

134 1421 275 1482 patronum
295 1408 479 1474 Naumachia,
495 1425 510 1463 a
526 1425 577 1478 nuo
594 1411 707 1478 primum
723 1411 749 1464 itt
764 1410 917 1465 custodiam
971 1413 1220 1468 credereCltris-tum
1235 1415 1333 1480 docuit,
1349 1425 1376 1471 et
1390 1425 1498 1472 sanctus
1511 1418 1675 1491 Polycarptu
1688 1436 1758 1490 prex·

133 1501 351 1557 obscurissimam
375 1509 458 1564 trusa,
482 1511 508 1554 et
529 1513 576 1568 per
598 1499 656 1553 dies
670 1514 715 1553 sex
731 1498 803 1553 omni
823 1500 919 1556 solatio
971 1501 1051 1574 bytcr
1074 1503 1228 1572 baptizarit.
1252 1504 1301 1572 Qui
1324 1520 1384 1559 cum
1405 1520 1517 1577 corpora
1534 1519 1689 1564 sanctorum
1710 1524 1759 1580 per

136 1592 207 1647 lucis
219 1601 247 1648 et
261 1592 346 1646 ricttts
367 1591 497 1657 fraudata,
518 1591 632 1660 septimo
647 1591 689 1646 die
704 1591 811 1667 demum
823 1607 838 1646 a
849 1591 920 1648 coilo
972 1607 1020 1646 nra
1031 1591 1155 1647 Tiberina
1172 1595 1320 1663 requirnnt,
1338 1595 1402 1649 tenti
1417 1605 1490 1662 suut,
1507 1605 1534 1649 et
1547 1596 1579 1650 ad
1595 1597 1675 1652 lirbitt
1688 1614 1757 1663 prae·

135 1692 164 1739 et
182 1699 197 1738 a
218 1682 320 1752 capillis
343 1683 368 1736 in
390 1697 502 1751 corpore
521 1696 661 1751 suspensa,
687 1683 806 1737 aditibito
827 1683 919 1737 subter
936 1681 958 1743 B
974 1680 1072 1736 sectum
1087 1681 1216 1751 perducti.
1235 1684 1298 1737 Erat
1310 1684 1381 1739 ettint
1394 1685 1474 1752 juder
1491 1684 1634 1749 Fabianus,
1651 1688 1698 1755 qui
1710 1701 1757 1742 eos

135 1774 210 1830 inmo
229 1776 254 1828 in
274 1774 444 1829 confessione
459 1773 562 1826 Domini
579 1773 669 1828 emisit
683 1772 818 1841 spiritum.
838 1774 865 1828 in
879 1773 922 1830 Si·
976 1774 1130 1829 hortabatur
1143 1775 1175 1829 ad
1189 1775 1405 1837 sacriiicaudum,
1431 1791 1477 1844 per
1499 1777 1592 1831 decem
1606 1777 1666 1831 dies
1680 1777 1757 1833 mittis

136 1864 198 1920 eilia
222 1863 310 1918 natale
335 1861 481 1933 Agathouis
504 1871 531 1917 et
551 1862 696 1933 'itipbiuae
710 1863 743 1918 Et
758 1862 784 1918 in
800 1863 920 1932 Titomis,
977 1882 1024 1922 eos
1038 1878 1065 1921 ct
1076 1868 1211 1922 blanditiis
1235 1882 1335 1936 agens,
1361 1878 1387 1922 et
1413 1868 1512 1922 nullum
1542 1872 1649 1937 penitus
1674 1870 1758 1938 potuit

136 1955 242 2024 Alarini,
258 1957 388 2013 Theodoti
403 1966 429 2012 ct
444 1953 585 2024 Sodepbae.
974 1973 1154 2012 commorere.
1171 1955 1245 2012 Tutrc
1259 1956 1322 2012 iecit
1335 1957 1368 2012 de
1381 1959 1420 2012 eis
1433 1957 1632 2027 suggestionem
1645 1957 1758 2024 impora-

169 2048 201 2103 E.
223 2050 298 2105 Puto.
322 2048 388 2104 liotr.
411 2047 491 2102 lucu.
517 2047 591 2102 luia
604 2056 630 2100 et
644 2047 701 2102 ioei
721 2051 920 2118 propitetarnm,
977 2051 1079 2105 toribus
1099 2051 1198 2119 quique
1220 2048 1325 2119 iussere
1338 2065 1385 2106 eos
1400 2051 1617 2120 tertiuturcpteri.
1639 2050 1759 2120 Cumrpte

137 2151 165 2198 et
186 2151 278 2196 octava
306 2141 507 2210 apostolorum,
535 2147 563 2193 ct
588 2139 689 2207 primus
714 2139 783 2194 beati
808 2139 921 2210 apostoli
977 2141 1049 2194 nulla
1074 2140 1177 2196 ratione
1199 2140 1329 2205 crimpuisi
1354 2139 1490 2202 codicem,
1512 2138 1653 2208 jusserunt
1671 2139 1757 2194 cosin

136 2231 210 2287 Pauli
233 2231 353 2302 ingessus
370 2231 395 2285 itt
411 2231 501 2285 urbem
518 2230 628 2284 Romam
650 2245 720 2284 ottrto
740 2232 857 2286 secundo
871 2231 922 2285 lie·
974 2245 1050 2284 mare
1064 2230 1215 2299 praecipites
1229 2230 1304 2284 dare.
1320 2229 1458 2285 immensis
1472 2229 1563 2299 itaque
1577 2230 1674 2284 arctati
1692 2245 1757 2296 port·

140 2321 226 2376 runis.
252 2321 316 2375 bem
339 2321 469 2390 depositio
492 2319 559 2374 beati
583 2311 677 2373 Goaris
691 2320 862 2383 confessoris,
877 2320 922 2389 qui
975 2322 1095 2386 cleribus,
1112 2323 1197 2392 piciagi
1211 2321 1335 2377 ductibus
1347 2323 1400 2378 dati
1414 2330 1486 2387 suut,
1503 2330 1532 2376 ut
1545 2321 1571 2377 itr
1588 2324 1649 2377 luco
1662 2322 1761 2378 utuodo

138 2408 167 2465 in
192 2410 325 2480 prouincia
350 2411 498 2479 Aquitaniae
520 2419 612 2476 ortus,
639 2411 802 2477 temporibus
830 2411 922 2465 illido·
978 2411 1046 2467 iuter
1060 2427 1282 2481 aquuscoronam
1306 2415 1425 2482 martyrii
1445 2414 1626 2468 celebrarent.
1651 2413 1681 2467 itt
1699 2414 1760 2469 Ale·

136 2498 204 2554 berti
220 2500 289 2568 regis
304 2498 478 2566 Francorum,
494 2500 584 2553 statim
598 2501 632 2553 ab
647 2499 758 2554 iniantia
774 2503 923 2568 vetuscui·
977 2502 1087 2556 xattdria
1107 2505 1191 2558 sancti
1213 2503 1334 2572 Panteni,
1350 2505 1398 2558 riri
1416 2502 1565 2575 apostotici.
1584 2502 1694 2558 vianna
1710 2503 1761 2557 Eo

134 2587 234 2645 torbei
249 2589 306 2644 tuit.
324 2588 372 2644 iiie
386 2590 555 2658 postmodnm
571 2588 606 2643 ibi
621 2592 758 2658 presbyter
773 2605 922 2645 consecra·
975 2593 1029 2647 oidi
1043 2595 1174 2663 episcopi.
1195 2595 1259 2649 item
1283 2596 1309 2648 in
1333 2595 1491 2649 Alexandria
1514 2594 1602 2648 rtatsle
1624 2593 1759 2660 i‘arnieui,

138 2692 192 2747 ttts,
214 2684 325 2751 patriam
347 2691 523 2751 parentesque
540 2681 668 2748 desernit,
684 2690 711 2736 ct
734 2681 759 2736 itt
775 2683 918 2748 proxincia,
977 2684 1082 2752 bracii,
1110 2686 1192 2753 Elim,
1214 2687 1362 2756 Apollonii,
1387 2684 1491 2752 Auori,
1524 2694 1554 2741 et
1575 2686 1688 2740 xtiorurn
1711 2684 1760 2740 de·

758 2770 871 2825 Ebiiill
891 2772 1137 2830 soubxnutadt.

170 2862 197 2920 5.
213 2893 249 2907 -
266 2863 299 2920 lli
314 2861 412 2919 Nouus.
432 2861 512 2917 Vacat
528 2860 615 2916 uada.
933 2867 1004 2927 cad
1031 2866 1253 2921 ·coutessionen
1276 2865 1306 2920 lt.
1334 2864 1407 2921 Pauli
1422 2864 1595 2932 accessisset,
1618 2880 1761 2937 perpessus

170 2956 215 3021 tt..
230 2953 305 3026 Syria
316 2954 344 3009 S.
360 2961 373 2990 ⁸
387 2954 479 3007 bonati
494 2953 627 3024 martyris.
648 2953 738 3008 nutus
750 2953 764 2992 b
777 2953 838 3009 Zote
854 2970 920 3010 uxo·
974 2955 1093 3021 insidias,
1107 2964 1196 3012 tentus
1221 2965 1247 3010 et
1269 2971 1284 3010 a
1300 2957 1396 3026 populo
1410 2955 1550 3022 lapidatus,
1575 2966 1762 3021 mortuum,

135 3027 172 3106 iii
184 3024 335 3106 Νῑθθῦῑῐθῑῇ·
349 3023 381 3077 C·
399 3022 447 3088 tt,
465 3024 491 3105 ¹!¹
515 3025 603 3104 ‚Simili
630 3027 649 3078 Α
669 3025 789 3109 atbuuis,
806 3026 920 3111 ῚΪῙΡΙΨ·
973 3058 1122 3115 corpusque
1134 3046 1191 3114 ejus
1206 3044 1332 3100 Tiberino
1354 3046 1448 3114 gurgiti
1474 3046 1667 3117 rrrauciparuru.
1692 3049 1761 3105 Scri-

138 3110 189 3159 bis,
205 3096 340 3151 Feretorts
353 3093 498 3164 {Feratuus
512 3110 537 3145 ιιι
553 3096 606 3147 tolo
621 3093 650 3147 C.
667 3135 674 3157 ‚
693 3095 846 3156 ibeudostt,
870 3097 920 3150 be·

136 3165 255 3217 cuttditti.
271 3167 302 3217 A.
313 3163 345 3216 T.
362 3163 403 3223 l...
418 3163 445 3215 iu
456 3162 545 3215 Tomis
556 3164 660 3217 civitate
675 3163 762 3217 ttntaie
772 3164 819 3218 SS.
831 3164 920 3217 'iixeo-
975 3143 1048 3205 inum
1069 3152 1094 3190 ¹¹¹
1108 3146 1188 3207 ἕως
1204 3137 1233 3192 Β·
1250 3136 1409 3192 s⁰b²⁸¹¹²¹¹'·

136 3233 192 3287 doli
205 3243 232 3288 et
247 3232 399 3288 Secundini.
426 3234 456 3285 A.
475 3231 517 3295 t..
535 3231 562 3283 lu
580 3232 736 3286 Alexandria
758 3235 786 3288 S.
802 3233 919 3300 Arpntis.
1012 3226 1053 3291 0.,
1070 3226 1186 3297 insyria
1202 3227 1295 3292 zurici,
1313 3228 1435 3292 Antandi,
1450 3228 1560 3282 Actoris.
1579 3229 1761 3299 Augustirluuo

135 3303 168 3357 Τ.
183 3303 212 3355 Ι..
229 3301 271 3365 B..
286 3302 314 3355 in
328 3300 415 3355 stctia
438 3301 524 3367 piassio
538 3301 587 3355 SS.
600 3301 745 3370 Agatltouis
769 3317 792 3357 et
807 3303 921 3368 'iriptro-
975 3296 1108 3364 depositio
1121 3302 1148 3353 ὃ.
1166 3298 1268 3352 Leontii
1282 3299 1411 3366 episcopi.
1427 3301 1454 3351 irt
1469 3300 1632 3352 Alexandria
1649 3303 1761 3363 Artboti,

137 3372 188 3428 uis.
204 3371 247 3435 ii..
263 3371 289 3424 iu
302 3369 393 3425 Tonris
407 3370 544 3432 stratoris,
557 3370 706 3436 Theodori,
723 3371 852 3437 iloduiiae,
869 3376 922 3427 Se·
975 3364 1041 3447 'Acti
1059 3368 1088 3419 ii.
1105 3366 1148 3433 i..,
1166 3368 1197 3421 Et
1212 3369 1237 3421 iu
1252 3369 1332 3437 liinga
1347 3371 1434 3423 xtataie
1451 3368 1480 3423 S.
1498 3367 1508 3405 ¹
1525 3370 1621 3424 Goaris
1635 3367 1679 3440 [B.
1693 3370 1763 3425 Gau·

137 3441 256 3497 cuttdini.
273 3440 301 3496 iu
315 3439 476 3494 Alexandria
494 3440 610 3507 Erpotis.
975 3433 1022 3504 ru]
1037 3438 1206 3491 contessoris.

173 3533 281 3587 b.-ll
296 3531 394 3586 Noxxs.
416 3529 516 3586 cisaiae
541 3532 676 3601 propbeta
699 3542 725 3588 et
739 3542 839 3589 octove
859 3548 925 3603 apo·
1013 3530 1188 3584 7.-Noxrs.
1205 3529 1285 3585 iacat
1299 3529 1387 3585 [trudo.

137 3625 277 3679 stolorum.
1013 3621 1043 3674 C.
1067 3621 1096 3674 lt.
1114 3619 1157 3689 lt,
1179 3620 1205 3673 lu
1231 3620 1385 3676 Alexandria
1412 3619 1575 3686 Partbctuii,
1592 3619 1692 3676 braciii
1707 3619 1761 3694 [⁸··

183 3715 277 3770 florus
296 3715 321 3769 p„
337 3718 369 3772 A·
384 3716 416 3768 p·
431 3715 479 3781 pn,
494 3713 584 3770 ηοω.
607 3715 694 3785 933550
716 3716 745 3772 3·
759 3714 772 3754 n
785 3716 925 3787 nunqu„-
979 3688 1147 3778 Apollonidi,
1167 3690 1250 3745 Publii
1264 3706 1323 3745 curu
1345 3691 1509 3773 aliisdeceut
1524 3691 1534 3764 [
1550 3690 1595 3778 V,
1610 3691 1764 3772 norcrttlet

142 3804 200 3870 iitti,
215 3806 300 3880 Patris
315 3807 371 3879 ld„
383 3804 477 3874 Petris}
490 3806 570 3861 liaret
583 3816 610 3861 et
623 3807 782 3862 linrcelliatti
797 3827 803 3862 :
819 3810 862 3875 tpui
878 3809 927 3862 do·
979 3759 1204 3900 ΐῖῗῃῖηιοιοξῑῐ
1214 3761 1764 3896 ⁶2¹3ig[ropizuaaeiiratfficcgzmxputgpr:

140 3899 232 3954 ctrinis
246 3899 277 3953 li.
302 3899 451 3954 sebastiani
466 3898 709 3954 christianissimus
724 3900 849 3965 ellectus,
864 3901 928 3955 dum
981 3901 1041 3954 aliis
1055 3899 1247 3955 noteutdccim.
1264 3898 1305 3965 0.,
1319 3901 1351 3955 ix't
1362 3900 1423 3955 alibi
1435 3899 1592 3966 Alexandri,
1608 3901 1762 3957 l‘artimiuii.

829 3992 931 4048 Siliiil
951 3990 1065 4046 borne.

149 4083 204 4135 dem
216 4079 306 4135 Totiioe
319 4081 424 4150 imperio
446 4081 472 4134 iu
487 4078 510 4132 F
512 4082 599 4135 raucio
613 4084 694 4150 cupite
709 4091 864 4136 truncatum.
880 4080 930 4133 iiu-
983 4081 1053 4149 qttod
1067 4079 1137 4149 apud
1152 4081 1259 4135 Grmros
1280 4082 1451 4153 martyrium
1476 4085 1598 4152 qttamxis
1619 4100 1673 4140 tton
1696 4087 1763 4142 idern

143 4163 186 4221 put
204 4151 329 4213 iiirpcliut
345 4153 468 4215 delutum,
484 4153 611 4204 ciuitatem
626 4154 711 4205 utulttr
730 4152 929 4215 rainutitotibttt,
985 4166 1093 4217 priorsus
1106 4153 1174 4218 apud
1189 4151 1258 4217 iiius,
1275 4153 1318 4222 qui
1333 4155 1401 4220 upttd
1416 4167 1476 4218 nos,
1491 4167 1583 4208 earum
1597 4170 1693 4209 rortttn
1705 4172 1766 4212 ren·

140 4221 233 4290 quibus
246 4221 293 4274 boc
308 4230 360 4274 tolo
375 4222 503 4288 septennio
518 4221 687 4289 loborouerut,
704 4225 850 4276 exseruisse.
864 4223 930 4274 Cor·
946 4201 1027 4272 Deus
1046 4221 1090 4272 sit.
1107 4221 1171 4272 bam
1194 4220 1280 4275 eruet
1303 4223 1422 4292 martyrii
1448 4223 1555 4278 nomine
1578 4239 1765 4296 nonnunquam

145 4307 193 4359 pus
211 4308 225 4343 tt
242 4291 271 4344 lt.
285 4291 398 4347 Eusebio
420 4292 564 4345 Arelatensi
588 4294 713 4359 episcopo
739 4294 763 4344 itt
785 4291 927 4353 bitureusi,
983 4298 1064 4342 toutttt
1081 4291 1218 4344 basilicam
1243 4291 1403 4362 martyribus
1417 4292 1531 4346 dicatam
1556 4297 1764 4363 appellarentur·

145 4363 201 4429 iege
225 4360 379 4414 iiitttriccnsi
405 4369 432 4413 et
450 4360 567 4429 intellige
587 4377 638 4413 tutu
653 4362 686 4414 de
708 4360 927 4428 ipsubietruprtb,
982 4361 1028 4412 liui
1046 4374 1108 4412 tero
1124 4373 1223 4426 purtcru
1244 4370 1344 4414 tanturn
1364 4362 1436 4415 iilam
1456 4362 1484 4415 itt
1504 4363 1630 4424 ecelesia,
1646 4365 1689 4419 ttbi
1704 4382 1767 4420 cun·

142 4433 189 4484 seui
203 4431 236 4484 de
250 4431 300 4484 alia
316 4445 375 4500 tpuae
389 4428 535 4491 l'astitturu,
552 4429 633 4482 varan
648 4431 803 4498 appellatur,
820 4432 931 4484 ciuitate
982 4429 1008 4482 di
1022 4443 1044 4482 re
1064 4440 1125 4482 suxit
1145 4430 1264 4499 reliquiar
1285 4432 1334 4484 sub
1354 4431 1441 4495 altari,
1458 4448 1510 4484 ttutt
1531 4433 1618 4502 ipsam
1639 4436 1766 4500 integrant

144 4501 187 4567 pie
213 4503 357 4568 sepultum.
383 4499 446 4565 Eius
471 4496 557 4566 pas-siu
581 4499 743 4553 describitur
767 4502 835 4567 apud
860 4499 928 4552 Pitil.
982 4500 1122 4552 ecclesiam
1159 4501 1294 4569 appeliant
1329 4503 1534 4556 contessionem.
1577 4505 1714 4559 iixxotrttts
1741 4506 1767 4560 itt

111 4570 113 4575 ’
147 4570 247 4636 botibe,
264 4571 330 4625 Bibi.
346 4569 413 4623 Nou.
428 4578 492 4623 tout.
505 4566 536 4630 ll.
551 4584 576 4636 p.
587 4569 652 4630 itt,
666 4568 711 4631 uid
723 4569 760 4622 ait
775 4579 931 4636 persecuto·
983 4568 1063 4621 ruitis.

144 4656 200 4696 retu
217 4640 339 4696 tanrtuui
362 4640 447 4706 potius
468 4638 608 4692 tliceuduut
624 4639 740 4708 Agiiatu,
757 4639 800 4705 utri
826 4650 888 4693 tutte
904 4638 929 4692 in
1020 4636 1146 4692 terret..
1173 4638 1200 4692 in
1226 4652 1293 4709 pago
1315 4639 1477 4695 Trevirensi.
1504 4640 1556 4708 Qut
1581 4643 1609 4696 in
1632 4644 1768 4714 provincie

146 4710 271 4778 liispauia
286 4706 452 4777 Wescgutbis
469 4719 589 4775 purcant,
606 4725 683 4775 «putatu
698 4709 824 4761 Totiluru.
984 4708 1134 4776 Autritatxise
1148 4715 1233 4774 ortus,
1257 4709 1420 4776 temporibus
1431 4709 1579 4767 ibideberti
1600 4718 1671 4784 regix
1686 4714 1768 4769 Fran·

183 4786 197 4814 ⁸
211 4779 315 4836 Dortuti.
339 4779 448 4832 ilectius
463 4779 577 4842 ttotuitii,
593 4788 620 4831 ut
637 4787 768 4831 testantur
781 4776 930 4840 ilsuardus,
982 4790 1075 4830 corum
1092 4781 1201 4843 patriam
1219 4790 1392 4847 parentesque
1404 4779 1534 4847 tlescruit,
1549 4784 1620 4839 etin
1635 4785 1768 4854 provincia

147 4849 217 4912 Atio,
230 4852 369 4915 baronius,
393 4849 426 4902 de
441 4848 582 4917 qrtotircg.
596 4847 697 4901 Turum.
712 4850 746 4902 de
760 4845 849 4902 Gloria
863 4863 932 4901 mur·
983 4861 1042 4913 qum
1067 4841 1159 4900 tttreuo
1184 4847 1284 4902 iiumitti
1309 4852 1444 4916 contigua,
1463 4851 1584 4920 Trigoria
1607 4854 1767 4922 appellatur,

147 4931 271 4989 tyernum,
284 4920 345 4975 100.
361 4918 435 4972 liuuc
448 4917 576 4971 liaronius
591 4917 680 4971 nescio
693 4933 744 4987 tpu
758 4918 791 4972 de
805 4932 884 4972 cansa
897 4916 932 4972 ab
982 4926 1062 4982 atuue
1085 4917 1117 4969 ad
1132 4918 1260 4970 dieresin
1277 4920 1393 4983 pertinet
1407 4920 1590 4989 Trevirorum,
1608 4924 1664 4978 ilco
1678 4924 1769 4978 deser·

148 4989 210 5054 istu,
222 5004 300 5056 uitem
315 4989 458 5054 Gregorius
474 4989 572 5052 laudat,
589 4987 735 5055 distinguit.
983 4986 1039 5039 xire
1054 4986 1183 5041 docrevit.
1201 4986 1388 5055 Episcopatunt
1403 4988 1590 5046 Trcrtreruent
1609 4993 1661 5048 sibi
1675 5006 1768 5062 tuagaa

183 5060 196 5095 ¹·
212 5059 275 5112 titid.
290 5058 360 5113 Zooe.
376 5058 413 5112 [ie
427 5071 457 5110 ea
473 5056 557 5124 pridie
569 5057 704 5126 agebatur.
983 5052 1107 5108 instantia
1122 5056 1251 5121 oblatum,
1266 5057 1362 5110 nedum
1378 5062 1519 5125 recusauit,
1535 5064 1582 5116 sed
1598 5077 1633 5117 ne
1646 5063 1681 5118 ad
1696 5064 1768 5117 illum

185 5125 299 5183 virute.
314 5131 363 5194 Qut
378 5127 427 5181 sub
439 5127 558 5180 biuuasse
573 5142 634 5193 rege
648 5139 736 5180 sectus
751 5127 776 5177 in
790 5125 858 5179 tinas
872 5138 932 5194 par·
983 5125 1133 5177 traltcrctur
1158 5128 1264 5189 inuitus,
1291 5127 1376 5181 alteo
1400 5129 1513 5183 obtinuit
1536 5131 1605 5185 intra
1628 5132 1768 5186 terminum

148 5207 188 5253 tes
200 5198 335 5259 occttbuit,
347 5196 518 5264 sepultusque
530 5206 572 5249 est
584 5199 633 5250 sub
645 5211 744 5265 quercu
757 5194 839 5265 ilogel
852 5195 931 5265 iuxta
982 5192 1018 5246 20
1033 5195 1136 5248 dier-unt
1150 5197 1190 5248 sui
1205 5210 1324 5261 corptoru
1338 5195 1510 5253 solutionem.
1529 5202 1634 5270 tiurpux
1646 5205 1735 5258 autem
1752 5215 1767 5254 a

148 5270 287 5323 transitum
301 5283 439 5333 arpuatutu.
463 5264 603 5320 bruttutus.
983 5264 1085 5322 duobus
1100 5265 1262 5334 presbyteris
1281 5268 1361 5319 sociis
1384 5272 1451 5330 suis.
1464 5279 1492 5323 et
1512 5273 1546 5324 alt
1561 5272 1623 5326 aliis
1638 5274 1773 5337 sepulture·

185 5341 197 5380 d
216 5337 396 5407 Trnumiliiui.
410 5335 474 5389 liide
487 5337 552 5389 Acta
565 5334 713 5390 Sebastiaui
728 5334 797 5405 apud
811 5332 929 5389 bolland.
983 5331 1033 5385 luit
1059 5335 1083 5385 iu
1098 5335 1191 5389 eadent
1206 5336 1318 5389 ecclesia
1333 5352 1412 5403 uncum
1438 5337 1494 5407 ipsc
1508 5340 1690 5398 :etliilcarcrat
1702 5354 1770 5395 auno

148 5409 191 5461 ,pe
207 5424 239 5460 ,x
255 5407 385 5462 munst,
984 5400 1088 5457 liutitiui
1102 5401 1164 5458 600.
1181 5404 1265 5460 Peru.
1278 5420 1311 5460 ns
1324 5405 1430 5463 erxt..
1446 5409 1606 5466 durusne.

184 5479 410 5542 ‘contessionem
431 5475 570 5532 Corrlcstu
589 5473 657 5546 apud
673 5476 779 5534 latinos
795 5474 864 5530 idem
879 5481 930 5539 est,
