3802 6126
128 290 182 348 lid
506 308 511 315 ·
537 281 633 340 sect.
653 278 675 336 Ι.
695 275 861 335 llOliibiAE.
881 303 917 318 -
935 275 1000 333 titt.
1021 273 1053 329 ΙΙ.
1074 272 1156 331 tt0tt.
1176 272 1354 333 GENUINAE.
1417 280 1439 292 ”
1717 275 1768 331 ild

126 412 216 470 sentia
230 405 344 463 aduersa
356 400 436 460 simui
457 410 485 457 et
502 413 630 471 prospera
645 406 820 453 contemnere
835 393 922 463 possi·
938 395 963 455 Λ
977 389 1104 446 mucidum
1119 391 1188 446 unde
1200 390 1298 444 sitnon
1318 388 1409 447 astet
1423 388 1491 444 Cum
1507 391 1535 447 in
1549 393 1677 462 operibus
1688 396 1769 455 sonti

130 516 203 565 mus,
215 514 230 552 e
244 497 358 554 illumino
376 492 559 563 postulsmos3
588 483 633 544 iile
649 487 768 543 auditum
783 493 886 542 srcrtst
899 492 926 539 et
978 481 1128 553 proiectum
1154 484 1348 553 corisopiscens
1370 483 1505 541 disisset:
1535 485 1656 555 Domine,
1683 492 1718 546 sd
1742 501 1768 548 as

128 607 181 648 μοι
201 588 390 659 desperatione
413 585 562 638 iuturorurn
586 584 659 635 rclru
673 581 819 648 respicere,
836 575 924 641 idest,
976 575 1091 647 conium,
1103 576 1166 632 doce
1175 592 1216 631 nte
1226 580 1310 647 {acm
1323 576 1477 631 toisstutsm
1487 586 1557 632 tsurn
1567 577 1656 648 (Paul.
1670 585 1764 655 cauti),

132 699 166 738 ra
181 696 242 752 que
257 679 414 749 reliquimus
429 673 543 745 patiatur
559 672 674 727 labentis
689 670 779 725 saecoli
801 682 924 724 cornmo·
976 667 1066 721 statim
1090 683 1144 736 quo
1166 668 1236 722 irone
1258 667 1350 723 ordine
1363 669 1490 738 consequi
1509 669 1621 726 deberet
1642 674 1760 730 ostendit

130 776 167 831 da
178 773 293 830 uirentia
306 771 453 842 requirere.
472 768 555 825 liecte
568 779 684 834 namque
697 765 848 819 immurtario
864 761 926 818 boni
976 758 1343 831 mediummedium
1368 759 1448 815 sunm
1468 761 1575 817 ddecet
1592 778 1632 819 ma
1652 765 1680 820 is
1702 767 1769 822 sisui

134 863 268 937 propositi
283 864 394 927 nociva,
418 869 446 916 et
458 858 683 928 concupiscentie
697 854 812 910 carnaiis
828 854 925 924 repeti·
976 860 1086 914 rectem,
1101 851 1177 921 cujus
1192 852 1309 920 uestigiis
1328 852 1401 922 justu
1413 853 1550 910 nodutum
1565 864 1699 926 uostrurs,
1714 859 1770 915 lra-

133 953 471 1023 tio,renenoscorplouis,
482 951 552 1021 quod
568 958 640 1010 retro
651 959 704 1012 est,
717 947 788 1017 quod
801 949 828 1003 in
842 946 926 1002 cauda
978 951 1033 999 tres
1047 944 1208 1011 citatissimi,
1226 945 1404 1015 adltereutes,
1418 957 1541 1017 potamus
1552 947 1635 1004 ileum
1652 951 1769 1021 Patrem,
1836 1006 1845 1020 ,

133 1056 243 1118 gestat,
265 1052 446 1114 comparatur,
466 1057 526 1099 curn
553 1041 672 1095 dicitur:
699 1042 750 1094 ,lut
777 1040 800 1094 d
826 1038 927 1108 petierit
978 1045 1006 1089 ut
1016 1035 1132 1104 Spiritus
1146 1038 1186 1091 sui
1206 1039 1290 1108 qratia
1315 1039 1401 1093 urosin
1425 1039 1498 1094 uiam
1521 1040 1692 1107 metellei,
1706 1059 1770 1115 quas

130 1155 225 1204 ouutts,
247 1137 364 1206 nunquid
379 1135 491 1205 porriqst
515 1132 538 1186 et‘
557 1131 738 1203 scorpionem!
759 1130 822 1185 iiaec
837 1130 927 1201 itaquo
979 1143 1027 1199 per
1041 1128 1211 1185 dilectionem
1229 1141 1364 1200 operatur,
1386 1131 1504 1187 inducat.
1521 1132 1554 1187 iit
1567 1141 1596 1188 ut
1609 1143 1698 1203 optata
1713 1150 1770 1192 nis.

131 1239 286 1302 petanense
303 1228 434 1293 bornlno,
456 1222 569 1290 batres,
584 1232 628 1291 ut,
644 1225 759 1294 scilicet,
771 1225 925 1278 alimentum
979 1237 1085 1276 reamur
1099 1221 1231 1288 obtinere,
1247 1222 1336 1278 taliter
1347 1224 1436 1279 virere
1453 1223 1618 1291 studeamus,
1638 1240 1672 1281 uo
1696 1235 1770 1283 tauto

129 1323 212 1377 uobis
225 1335 300 1391 pursu
314 1318 463 1383 charitatis,
489 1318 601 1372 sinceras
619 1315 699 1381 lidei,
715 1325 796 1370 certa·
806 1313 863 1382 spei
881 1313 927 1368 tri·
979 1313 1152 1369 Patresimus
1168 1315 1278 1384 indigni,
1300 1315 1364 1385 quin
1387 1315 1474 1386 potius
1488 1316 1644 1389 mysterium
1658 1332 1769 1388 roseus·

130 1415 208 1480 bost,
220 1425 249 1468 ut
261 1409 386 1467 duritiam
405 1411 539 1477 odiorum,
553 1419 582 1462 ut
595 1407 714 1477 perfidiae
729 1408 812 1471 tirus,
827 1414 853 1460 ct
864 1418 927 1459 acu·
978 1408 1087 1461 rationis
1109 1421 1163 1476 quo
1179 1405 1206 1460 in
1231 1406 1392 1476 baptismate
1408 1406 1453 1462 liiii
1482 1405 1530 1462 bei
1554 1421 1650 1464 suiuus
1675 1407 1768 1474 eiecti,

130 1511 204 1566 lcum
220 1508 299 1564 nobis
312 1503 509 1576 desperationis
524 1508 569 1573 qut
584 1502 617 1556 ad
637 1502 717 1555 uitarn
733 1500 863 1555 caducam
881 1512 926 1554 rea
979 1501 1080 1556 illibato
1092 1513 1199 1568 semper
1220 1514 1333 1570 corpure
1346 1501 1447 1571 pariter
1465 1511 1492 1556 et
1506 1509 1597 1557 merite
1621 1513 1770 1559 sententias.

133 1605 244 1658 nabere
260 1602 330 1657 solet
344 1602 462 1666 auicrat,
485 1606 512 1652 et
523 1596 625 1664 absque
641 1595 692 1651 ulla
706 1593 841 1648 dubietate
856 1591 927 1662 quod
979 1593 1086 1649 Certum
1100 1607 1215 1661 numque
1242 1601 1294 1659 est,
1322 1595 1399 1665 quasi
1414 1591 1514 1649 sitmmi
1536 1593 1623 1650 l’atris
1645 1594 1771 1650 mandata

135 1696 255 1766 petimus
270 1691 446 1759 accipiemus.
462 1688 587 1743 ditenim
600 1686 717 1742 veridica
734 1681 927 1740 uocedoaunes
978 1695 1123 1748 sectamur,
1148 1680 1331 1740 remunerabit
1355 1700 1404 1740 tros
1417 1685 1573 1741 lraercditatc
1597 1685 1771 1754 sempiterna

131 1784 294 1854 apostolus,
320 1779 382 1851 quia
405 1780 584 1850 quodcunque
610 1774 765 1847 petierimus
780 1774 927 1831 secuudum
946 1755 967 1815 Β
982 1775 1196 1841 benedictionis,
1212 1788 1292 1845 quam
1306 1774 1384 1829 nobis
1398 1783 1461 1830 antc
1475 1776 1572 1831 secuta
1589 1775 1707 1844 parauit,
1723 1790 1772 1845 per

130 1878 301 1931 voluntatem
322 1874 399 1942 ejus,
420 1871 494 1925 audit
519 1885 586 1936 nos;
613 1867 659 1924 sed
681 1877 708 1922 ct
728 1869 786 1935 ipse
801 1866 930 1922 boiniuus
980 1867 1071 1923 lesum
1087 1864 1225 1922 Christum
1247 1865 1390 1920 bominum
1415 1877 1536 1920 nostrum
1552 1866 1596 1936 qui
1611 1880 1717 1923 cumen
1730 1868 1771 1922 si·

130 1981 234 2026 certum
260 1964 340 2023 rubis
368 1965 492 2020 tiduciatn
520 1964 566 2018 tlut
589 1961 749 2032 impetrandi
774 1976 834 2031 qus·
855 1968 929 2016 recte
980 1961 1017 2016 uit
1038 1968 1066 2016 et
1089 1969 1183 2031 regnat
1209 1960 1280 2015 licus
1302 1960 1328 2014 in
1353 1960 1456 2015 unitate
1480 1961 1594 2031 Spiritus
1620 1962 1706 2019 sancti
1723 1976 1770 2033 per

131 2063 269 2133 petimus,
282 2075 345 2115 curu
365 2056 522 2128 subjungit:
539 2055 570 2111 Si
583 2071 643 2126 erqo
658 2070 702 2109 uos
715 2054 839 2109 ctrmsitis
853 2054 926 2122 moli,
979 2050 1068 2105 omnia
1083 2049 1182 2105 secula
1196 2048 1365 2105 saeculorum.
1380 2051 1476 2104 Atrion.

129 2153 213 2207 nostis
223 2152 292 2206 dona
305 2150 366 2202 doto
382 2149 443 2202 dare
455 2147 518 2214 ditis
532 2145 631 2213 nestris,
644 2153 740 2214 quanto
756 2146 837 2216 rnoqis
848 2142 929 2199 Pater
1272 2161 1412 2218 nomm
1427 2161 1473 2218 tx,

130 2250 211 2294 tester
231 2240 263 2294 ds
287 2240 349 2293 reso
375 2237 446 2290 dudit
469 2236 588 2306 spiritum
611 2235 704 2288 donum
725 2236 865 2305 petentibus
879 2238 929 2293 se!
1221 2255 1529 2299 russcnnstnnsuourm.

130 2329 219 2386 llutos
234 2341 323 2383 autent
339 2325 488 2394 discipulos
512 2335 600 2390 sucat,
621 2327 667 2394 qui
683 2326 784 2396 utique,
798 2338 927 2397 «quantum
978 2336 1044 2392 Luc.
1061 2351 1135 2391 xxiv.
1149 2335 1182 2390 lu
1193 2336 1238 2390 iilo
1251 2345 1363 2404 tempore
1380 2334 1445 2391 dixit
1458 2335 1534 2391 draus
1547 2337 1680 2407 discipulis
1694 2341 1769 2399 ists.-

130 2424 167 2478 asl
180 2425 329 2477 bumauum
342 2420 470 2490 judicium
484 2428 608 2489 spectat,
624 2416 686 2472 boni
701 2428 793 2485 erant,
809 2419 871 2489 quia
883 2419 926 2474 ui·
1015 2405 1080 2461 floei
1091 2415 1149 2462 *Μ’
1162 2407 1236 2460 ”⁶¹⁶⁶
1255 2424 1311 2476 ‘iie
1326 2408 1424 2461 ΜΨ
1438 2408 1543 2461 ’11Μό
1560 2425 1604 2463 ιθ*
1616 2426 1675 2465 “m
1687 2414 1772 2468 muse

132 2519 235 2573 sutirum
259 2529 336 2570 nemo
365 2511 475 2582 estqui
499 2514 524 2566 iu
549 2511 662 2567 bacris
687 2527 701 2566 a
723 2512 826 2566 cunctis
841 2511 925 2566 ualeat
1011 2479 1250 2620 fflwtwh
1264 2479 1774 2626 gf‘fgssmffsy‘fffl‘z'rggwefm

131 2609 265 2665 immunis
277 2622 337 2663 esse
351 2606 471 2670 delictis,
487 2603 633 2659 Saluitronc
650 2611 795 2657 attestante
808 2603 855 2673 qui
868 2603 904 2657 ait
918 2620 924 2655 :
1013 2620 1063 2674 m„
1076 2619 1108 2673 p,
1122 2635 1169 2672 me,

131 2704 204 2770 (Μ
215 2717 265 2755 ’¹⁰²¹
280 2710 316 2754 ‘⁸¹
331 2700 408 2753 ¹¹⁰¹²¹⁰
423 2699 510 2769 5¹¹⁸¹¹¹⁸
523 2697 550 2751 '¹¹1
567 2705 634 2749 '⁶¹²¹‘
645 2696 690 2766 4⁸¹5
705 2695 784 2763 imai
794 2694 888 2749 mm
900 2703 927 2749 θ’
1013 2708 1180 2766 dsccusnrtts
1203 2709 1229 2763 in
1248 2711 1345 2765 coeium
1371 2710 1499 2766 boidinus
1520 2710 1607 2782 prbrio
1624 2708 1773 2785 ti‘tteipuios

132 2791 185 2848 Μ
201 2802 286 2863 imm
300 2783 400 2863 (Me-
413 2790 470 2858 i¹¹)·
491 2785 571 2842 ⁰⁰⁶⁶
584 2784 727 2855 diffidens
741 2785 786 2854 (iui
798 2783 926 2854 grauibus
976 2797 1011 2854 de
1026 2793 1224 2871 mysteriorum
1240 2801 1300 2854 lidei
1314 2801 1457 2871 diiigenter
1471 2802 1604 2858 instruere
1616 2804 1730 2869 comsit,
1745 2815 1774 2862 ut

131 2885 303 2958 Wffl'fflffl'
326 2881 445 2938 mum
472 2876 615 2950 ififldiffl
641 2876 786 2946 imbuendi
810 2875 926 2931 medici·
978 2890 1164 2944 mritocertius
1188 2891 1257 2945 liuiic
1273 2890 1372 2947 rmmdu
1388 2891 1580 2962 praedicarent,
1595 2903 1695 2964 quante
1711 2907 1770 2952 mm

133 2992 228 3036 menta
241 2979 419 3039 demonstrat,
436 2974 493 3043 ipsc
507 2969 832 3041 quotidianosciectormn
847 2983 924 3024 erra·
977 2991 1004 3037 eq
1013 2981 1046 3037 21,
1062 2981 1119 3051 ,βω
1134 2981 1256 3059 ,emm
1270 2997 1318 3038 ose
1333 2983 1524 3052 mmmmm·
1540 2993 1567 3039 et
1581 2986 1769 3054 prophetarum

130 3083 185 3133 tus,
199 3074 246 3141 qui
263 3070 344 3124 uerbo
358 3068 476 3122 maxime
491 3065 532 3121 rei
544 3065 660 3135 cogitatu
673 3062 844 3133 contingunt,
857 3075 924 3131 quo·
976 3070 1188 3141 cccjmndudsm
1205 3072 1393 3142 praesiqnatum
1407 3071 1488 3128 luisse
1497 3085 1701 3144 dignoscerent.
1716 3075 1770 3147 Ap

129 3164 242 3219 tidiauis
256 3164 409 3217 orationum
420 3159 515 3215 studiis
528 3157 607 3213 docet
617 3155 717 3212 dsitcm
728 3168 824 3209 curare
836 3171 842 3206 :
854 3166 924 3247 quos
978 3177 1075 3234 parens
1098 3163 1169 3219 enim
1195 3173 1255 3233 ,Μ
1275 3163 1479 3221 mummi·
1497 3165 1681 3237 mmmmm,
1695 3168 1769 3240 im

131 3263 203 3317 iuter
218 3261 270 3314 alis
284 3261 324 3314 sic
336 3273 414 3312 orare
430 3253 572 3326 praecipit:
596 3250 627 3306 iit
642 3251 741 3305 dimitte
752 3249 825 3304 nobis
839 3246 923 3303 debito
978 3253 1112 3323 hecquae
1128 3253 1218 3317 modo,
1232 3269 1293 3309 cum
1309 3255 1482 3327 Euarrqelium
1498 3256 1640 3328 legeretur,
1663 3260 1770 3315 surtiri-

130 3362 241 3419 snstru,
270 3351 335 3405 sirst
362 3360 387 3404 st
410 3364 457 3402 sos
487 3343 638 3401 dimittimur
658 3341 812 3396 debitoribus
831 3341 926 3395 nostis
978 3359 1057 3400 nnis:
1078 3344 1139 3399 Herc
1162 3356 1230 3409 snut,
1255 3346 1348 3417 iuquit,
1365 3349 1439 3401 uerba
1463 3360 1520 3416 quts
1544 3349 1644 3405 locutus
1666 3365 1722 3406 suin
1736 3355 1770 3407 ud

70 3511 75 3517 ,
130 3445 315 3520 (ducibui).
348 3441 397 3496 iel
420 3449 495 3495 certe
517 3437 603 3493 mains
625 3433 745 3505 appellat
765 3432 925 3499 discipulos,
977 3437 1769 3504 sescsmessenroobiseum,ilest,cumsirniierobsad-

130 3539 193 3608 qnia
209 3537 236 3589 iu
261 3532 462 3601 curnparatioue
477 3528 575 3583 dirinae
597 3525 723 3580 bonitatis
737 3522 827 3579 omnis
847 3537 925 3576 crea·
979 3531 1031 3586 lucc
1050 3541 1148 3599 cerpus
1162 3530 1336 3596 corruptibile
1358 3545 1389 3584 ac
1410 3533 1523 3588 inuritis
1539 3544 1684 3604 gestarem,
1703 3549 1770 3605 qus·

130 3639 191 3682 tora
204 3626 274 3680 mala
286 3639 346 3678 esse
369 3620 620 3691 proliatirn,dicente
634 3615 769 3671 Drimiuor
788 3613 870 3667 demo
882 3615 926 3665 bo·
977 3621 1046 3674 „lam
1061 3636 1159 3676 „mm
1169 3634 1205 3675 „q
1218 3622 1320 3691 pmpqm·
1330 3624 1416 3693 omn-4
1434 3637 1492 3691 m
1502 3625 1596 3694 ,mpla
1607 3637 1665 3680 mm
1678 3629 1704 3680 itt
1715 3629 1771 3699 Q

130 3737 180 3775 srus
194 3717 245 3771 sisi
261 3733 327 3768 unrrs
343 3712 412 3767 Dens
427 3711 523 3780 (diosc.
540 3707 586 3775 ι),
603 3723 662 3759 curu
679 3717 767 3758 tatricu
784 3703 927 3773 participa-
978 3709 1064 3781 unqu
1078 3718 1102 3764 et
1116 3711 1245 3780 prephetia
1259 3723 1283 3766 et
1297 3713 1404 3783 praitoria
1417 3714 1449 3767 dc
1461 3728 1510 3768 sne.
1526 3715 1636 3785 impieta
1647 3720 1673 3773 in
1684 3730 1715 3773 sc
1726 3720 1770 3774 di·

134 3814 207 3868 tione
224 3807 346 3881 ejusdem
367 3806 494 3859 bonitatis
510 3803 607 3857 diu-ium
621 3797 787 3853 rationabilis
802 3809 925 3850 creator-a
976 3801 1188 3856 ciccacfamenqq
1202 3816 1261 3871 quq,
1275 3801 1399 3874 noym,
1421 3806 1557 3874 930quoe
1580 3819 1607 3863 a
1630 3809 1769 3877 mm·

131 3886 202 3959 bona
220 3902 278 3956 sieri
294 3913 373 3970 posse
395 3896 583 3966 cognoscitur;
608 3894 679 3948 unde
694 3901 718 3946 et
742 3891 868 3946 Dominus
884 3892 925 3957 piu
978 3892 1207 3964 predicaverunt:
1228 3894 1299 3949 sindo
1314 3895 1414 3966 liquido
1429 3906 1501 3966 patet
1515 3898 1577 3967 quia
1598 3912 1650 3956 nna
1663 3911 1704 3958 cst
1717 3903 1771 3959 lic·

131 3987 318 4066 'promissione
333 3999 457 4054 testatur,
472 3988 532 4056 quia
546 3986 625 4040 Peter
643 3987 675 4040 ds
689 3986 751 4039 coeio
766 3984 835 4038 tutti
850 3985 926 4057 spiri·
977 3985 1058 4039 cicsia
1072 3985 1097 4039 in
1114 3986 1344 4043 otrrnibussanctis
1354 3988 1423 4057 ejus,
1435 3991 1530 4047 eadent
1541 3990 1607 4048 ddcs
1621 3995 1767 4052 electorum

131 4094 186 4150 tam
199 4085 294 4138 borium
309 4080 450 4150 petentibus
464 4077 577 4148 restae.
595 4079 649 4146 st);
665 4086 694 4131 ut
708 4077 825 4146 proiecto
835 4084 926 4130 osten·
977 4077 1106 4143 uirtutium,
1130 4079 1336 4146 praecedentium
1352 4079 1479 4137 uidelicet
1500 4091 1528 4139 st
1549 4084 1767 4156 subsequentium

132 4177 190 4243 dat,
208 4176 271 4246 quia
286 4173 331 4243 qui
343 4173 441 4241 seipsis
457 4170 518 4225 mali
534 4179 611 4248 suut,
628 4185 675 4236 per
689 4179 825 4238 acceptam
841 4165 927 4238 spirt-
977 4170 1111 4224 carualem
1125 4168 1182 4239 ejus
1195 4170 1349 4236 adrentum,
1363 4173 1424 4240 quia
1440 4173 1566 4229 nimirum
1577 4177 1647 4233 sicut
1660 4194 1709 4234 ruis
1719 4191 1768 4249 per

131 4280 176 4323 tus
197 4268 313 4337 qratiam
338 4263 401 4318 boui
432 4269 545 4332 possunt
566 4259 646 4314 citici.
677 4258 805 4326 Spiritum
826 4259 925 4314 bonurn
978 4261 1057 4316 tidem
1082 4271 1221 4316 transactae
1243 4260 1445 4331 incarnationis,
1472 4266 1605 4334 passionis
1628 4279 1660 4322 sc
1679 4281 1769 4326 resur.

131 4357 289 4431 beientibus
311 4355 431 4411 dandum
455 4369 469 4407 ²
496 4351 574 4408 Patre
599 4351 848 4421 potionumque
870 4351 927 4407 sira
979 4354 1107 4411 rectionis
1127 4354 1197 4411 illius
1220 4356 1365 4424 satiamur,
1388 4355 1464 4413 itaet
1485 4357 1523 4412 illi
1550 4358 1666 4414 iuturatn
1681 4362 1767 4431 ipsam

131 4453 232 4517 idem,
259 4464 354 4518 spem,
380 4448 561 4512 charitatem,
583 4446 640 4501 sire
654 4446 703 4499 alia
716 4446 843 4517 quislibet
856 4445 926 4500 bons
941 4459 968 4521 1)
981 4446 1201 4517 incarnationem,
1216 4448 1367 4519 passionem
1386 4463 1418 4505 ac
1437 4451 1659 4507 resurrectionem
1673 4453 1768 4511 cerate.

131 4543 255 4600 coelestia
292 4541 478 4597 desideramus
510 4539 643 4608 adipisci,
668 4554 720 4592 nou
748 4538 827 4592 aliter
849 4536 926 4594 nobls
978 4540 1046 4595 sime
1057 4541 1210 4604 credentes,
1225 4555 1273 4610 per
1291 4542 1416 4598 eumdem
1431 4542 1493 4597 ritas
1518 4553 1655 4599 auctorent
1669 4545 1770 4600 saliari

132 4639 191 4694 bec
216 4650 297 4706 quarn
322 4633 476 4701 persancti
500 4631 615 4701 Spiritus
639 4631 737 4685 douram
765 4631 925 4686 tribuuntur.
978 4631 1227 4701 sperabantrqood
1251 4632 1319 4689 bene
1344 4633 1398 4689 duo
1419 4635 1471 4689 siri
1493 4634 1531 4689 illi
1546 4635 1590 4706 qui
1614 4635 1718 4691 botrum
1734 4637 1768 4693 dc

131 4733 201 4785 ilinc
216 4738 259 4784 est
280 4726 351 4781 enirn
372 4724 442 4792 quod
457 4723 526 4778 idern
546 4721 662 4790 Spiritus
684 4723 710 4775 in
731 4721 795 4775 isaia
811 4721 927 4788 Spiritus
979 4731 1049 4777 terra
1074 4723 1288 4792 repromissionis
1308 4723 1342 4779 ad
1364 4725 1491 4795 populum
1507 4726 1533 4779 in
1548 4724 1657 4782 deserto
1676 4741 1770 4798 esspe-

130 4819 272 4891 sspicntire
290 4827 318 4872 et
334 4815 502 4878 iutessleems,
521 4812 637 4881 Spiritus
655 4811 759 4866 cnrrsilil
777 4820 804 4866 et
823 4812 928 4867 lortitu·
978 4820 1093 4867 claunem
1118 4814 1144 4866 in
1166 4820 1241 4868 secte
1262 4814 1412 4881 portabant,
1427 4812 1563 4869 insinuant
1584 4814 1676 4884 (Nuus.
1697 4816 1769 4888 titt).

134 4913 229 4978 dinis,
254 4907 372 4980 Spiritus
386 4904 504 4960 scientias
514 4913 542 4958 et
556 4903 675 4972 pietatis,
695 4903 809 4970 Spiritus
824 4902 928 4958 timoris
980 4904 1075 4959 botrus
1090 4903 1187 4973 quippe
1202 4904 1269 4959 recti
1283 4905 1422 4974 impositus
1439 4904 1568 4962 muninus
1585 4919 1626 4962 est
1645 4909 1671 4963 in
1687 4924 1768 4965 cruce

134 5005 244 5064 llomini
262 5048 269 5071 ,
287 5011 315 5057 ct
340 5001 367 5055 in
381 5001 433 5055 aiio
447 4998 507 5054 ioco
526 4996 640 5068 Spiritus
662 4996 813 5051 dilectionis
831 5006 857 5050 et
883 5010 928 5065 pa·
978 4995 1120 5058 exaltatus,
1141 4993 1185 5063 qui
1199 4992 1283 5048 dicit:
1297 4992 1353 5066 qu
1376 5011 1434 5050 suns
1455 4995 1513 5051 sitis
1532 5012 1591 5051 sera
1604 4994 1694 5069 (dmin.
1712 5002 1767 5069 rr).

100 5078 106 5086 ’
130 5090 185 5163 cis,
208 5095 327 5164 Spiritus
347 5091 441 5161 gratie
454 5099 482 5144 et
506 5102 614 5158 precum
633 5086 796 5156 nouiinatur,
811 5089 872 5156 qula
885 5088 927 5140 ni·
980 5083 1013 5138 tit
1031 5083 1092 5137 aiibi
1111 5083 1233 5151 poculum
1249 5083 1301 5138 rtnt
1322 5084 1461 5154 discipulis
1485 5087 1644 5158 porrigens:
1662 5088 1712 5144 ilis
1732 5100 1770 5146 est

136 5189 234 5243 attitulat
249 5183 377 5257 quidquid
397 5181 459 5237 boni
480 5179 610 5235 ueraciter
630 5178 780 5243 itabernrts,
799 5177 927 5248 qoithuid
980 5178 1057 5243 coiis,
1084 5177 1178 5246 inquit,
1201 5192 1293 5232 noaurn
1313 5188 1487 5234 testamentum
1510 5181 1537 5234 in
1560 5197 1616 5235 meo
1630 5183 1768 5254 sanquine,

136 5280 205 5337 bcne
224 5278 348 5348 aqimus,
362 5276 413 5329 boc
435 5273 530 5328 endem
553 5270 654 5341 Spiritu
669 5264 796 5340 largiente
816 5269 929 5339 parcipi-
979 5275 1105 5345 quodpro
1125 5273 1193 5327 robis
1213 5273 1425 5344 senectutibus.
1449 5277 1525 5347 sstt).
1552 5277 1590 5331 lle
1611 5291 1665 5347 quo
1678 5286 1705 5330 ct
1720 5277 1770 5331 iic·

139 5386 215 5425 nuos:
230 5366 303 5436 quud
317 5364 467 5434 iutelliqens
482 5362 625 5432 Propbets,
640 5375 701 5414 cum
715 5359 805 5415 cordis
820 5359 928 5413 mundi-
979 5366 1060 5420 electa
1077 5383 1082 5418 :
1096 5364 1188 5419 pom,
1198 5363 1286 5436 0qu
1296 5365 1391 5436 impp„
1401 5366 1509 5420 duem,
1523 5380 1593 5420 m
1606 5367 1668 5419 mm
1678 5363 1768 5434 (cm.

139 5462 200 5518 fiam
211 5466 349 5531 quaercret
358 5458 451 5513 (1ῙοοΜ
461 5474 469 5510 ²
481 5451 532 5509 ⁶⁰!
542 5455 668 5508 minim
678 5454 769 5506 Μαίη
783 5467 832 5516 ¹²¹2,
847 5451 928 5514 Dm·
980 5457 1238 5528 illucescentem
1253 5458 1357 5511 botrum
1372 5457 1398 5511 iu
1412 5469 1487 5511 secte
1497 5458 1550 5511 ιΙιιιι
1562 5457 1622 5522 riri,
1632 5470 1680 5522 scr
1689 5466 1768 5524 quens

139 5557 265 5608 contiuuo
284 5549 442 5618 subiunxit:
473 5546 599 5618 Spiritum
613 5555 711 5598 rectum
732 5544 826 5597 innoso
847 5544 874 5596 in
889 5543 928 5596 ci·
982 5549 1079 5619 populo
1109 5547 1256 5601 ubertatem
1286 5555 1363 5602 terrm
1388 5545 1603 5614 repromissionis
1631 5555 1769 5614 astruant,

140 5649 251 5700 uestitu
272 5643 335 5696 stris
357 5637 444 5711 (i'tdi.
460 5638 499 5710 t),
521 5638 583 5709 quia
595 5636 618 5693 si
631 5644 682 5691 tion
699 5637 824 5692 inimices
837 5641 930 5691 ttoslta
980 5640 1041 5709 quiq
1057 5637 1246 5705 praeliatores
1260 5636 1398 5708 puppem
1420 5635 1583 5701 mmm,
1596 5636 1642 5704 quq
1657 5636 1769 5708 ‘mm

142 5735 256 5806 Simili
281 5728 386 5790 ”billi
415 5741 503 5786 “⁰¹⁰⁵
530 5728 698 5798 imulensi.
733 5743 781 5786 cur
803 5730 828 5786 in
854 5729 931 5786 nobis
983 5731 1075 5803 patrie
1094 5729 1212 5788 curiatis
1229 5729 1344 5788 domus
1357 5731 1494 5788 rcsslame
1506 5728 1677 5797 didicerant,
1688 5727 1782 5784 lim
