3802 6126
124 299 678 341 ffl—-—
689 266 1747 330 ——m—*ffloffi

461 455 725 569 atton
761 442 1396 565 nmmum

779 656 1100 722 ANGLO-SAXOMS

282 816 735 1041 OPERA
812 813 1601 1027 HlSTORICA

894 1124 973 1182 Stis

432 1279 631 1409 lllltllt
673 1275 793 1404 llus
823 1266 1189 1476 θψΡᾹῆδ
1221 1264 1448 1404 lltllt.

447 1547 637 1622 SECTIO
674 1532 1444 1617 Ptttntn.-·rtnulouttnt²tttcn.

517 1758 651 1841 VITA
677 1750 1049 1840 SANGTORUM
1085 1741 1368 1829 ABBATUM

371 1957 686 2089 btllttlltlt
713 1952 768 2079 ΙΝ
808 1949 1134 2081 wttlbilll
1157 1948 1224 2075 tlt
1261 1944 1457 2074 dtlttd
1498 1942 1520 1991 ⁸

242 2188 467 2261 bubeutc‘tt,
488 2185 714 2260 cnossntut,
736 2178 989 2255 sustentent,
1010 2176 1184 2241 sturntot
1208 2173 1343 2249 stobe
1367 2171 1651 2242 flumtusttctt.

366 2357 414 2418 Ab
429 2353 572 2435 ejusdem
589 2349 780 2415 monasterii
796 2346 985 2427 presbytero
1000 2352 1033 2407 et
1044 2342 1204 2406 monacho
1219 2343 1309 2406 liant
1322 2341 1513 2422 composita.
1541 2306 1555 2327 ,

683 2536 729 2599 [tir
741 2536 830 2598 Smitb,
842 2533 949 2585 Historia
959 2531 1125 2584 eoeleabszlsa
1134 2529 1220 2594 sagn]

441 2715 859 2797 ousbnvnrloltbs
889 2715 1097 2798 PRAEVIAE
1124 2715 1446 2795 nnnlunottlt.

163 2884 191 2942 l.
211 2877 378 2939 Venerabilis
393 2875 474 2943 beda,
489 2875 514 2931 in
530 2874 653 2946 Epitome
671 2873 742 2930 llist.
754 2875 849 2945 ingl,
865 2873 913 2931 ubi
926 2877 954 2939 Α
965 2888 997 2931 ae
1010 2872 1110 2931 deinde
1122 2868 1273 2941 Geollrido,
1293 2879 1475 2944 cunctamque
1488 2883 1523 2929 sn
1543 2883 1579 2929 so
1598 2879 1709 2944 tenpus
1720 2874 1761 2931 si·

125 2974 244 3033 indicem
260 2984 369 3027 suorum
391 2982 502 3037 operum
520 2967 599 3033 texit,
614 2967 776 3023 mentionem
792 2966 856 3024 lacit
869 2968 918 3025 bi·
967 2979 1002 3028 tae
1020 2970 1047 3026 in
1069 2968 1190 3040 eiusdem
1206 2969 1365 3024 monasterii
1390 2967 1556 3025 habitatione
1572 2966 1691 3041 peregit,
1705 2984 1718 3023 s
1732 2976 1761 3024 st

127 3070 218 3123 stortae
229 3063 354 3118 abbatum
370 3057 525 3115 monasterii
545 3073 587 3115 sut
603 3060 644 3114 bis
660 3057 770 3115 uerbis:
789 3077 800 3112 r
826 3059 918 3114 ilisto-
967 3061 1027 3132 ipse
1040 3060 1073 3115 de
1093 3062 1183 3131 seipso
1196 3059 1258 3115 loeo
1269 3060 1352 3115 eitam
1367 3068 1493 3116 testatur.

127 3158 194 3212 riam
219 3153 344 3208 abbatum
372 3150 529 3206 monasterii
555 3149 646 3220 lituus,
674 3150 701 3206 iu
721 3164 774 3219 quo
792 3165 918 3221 supernae
1003 3152 1031 3210 3.
1051 3153 1240 3209 nonasterium
1266 3152 1353 3209 saneti
1377 3154 1449 3211 Petri
1472 3154 1505 3211 ed
1532 3153 1617 3212 wire
1641 3154 1762 3215 llustiois

128 3244 217 3315 pietati
231 3241 368 3299 desereire
381 3240 495 3311 gaudeo,
511 3238 646 3294 Benedicti
660 3279 668 3304 ,
689 3237 817 3295 ceolfridi
839 3239 919 3312 (adds
967 3246 1036 3301 ostia
1050 3244 1133 3314 (unde
1146 3243 1365 3301 wiremuthense
1378 3243 1494 3313 dietum)
1517 3246 1612 3317 quinto
1624 3245 1686 3302 lere
1700 3246 1763 3303 sall·

128 3334 251 3409 sigfridi)
265 3343 292 3390 et
306 3333 421 3388 llaeberti
433 3330 460 3387 in
472 3330 569 3386 libellis
580 3329 684 3386 duobus
697 3330 803 3401 scripsi.
818 3349 828 3382 t
844 3329 919 3386 llane
970 3335 1027 3390 liari
1047 3335 1163 3391 distabat
1177 3351 1192 3390 a
1207 3335 1334 3391 eoenobio
1348 3335 1435 3390 saneti
1451 3334 1528 3391 Pauli
1551 3333 1604 3391 sito
1616 3336 1651 3389 ad
1665 3333 1765 3393 'linem

130 3428 272 3485 historiam
300 3426 325 3481 in
349 3424 404 3479 duo
428 3422 575 3495 fragmenta
602 3421 732 3477 divulsam
754 3436 826 3477 anno
851 3420 919 3476 roes
970 3430 1091 3496 fluvium,
1111 3430 1139 3485 in
1159 3430 1296 3486 territorio
1320 3428 1457 3499 Girrensi,
1482 3431 1563 3502 rotgo
1588 3430 1706 3499 iarrotr,
1731 3446 1765 3487 ss

128 3519 251 3577 ediderat
274 3514 415 3574 Eduardus
441 3514 554 3570 liaibow
579 3514 727 3570 munacbus
748 3512 920 3570 Westmona·
970 3519 1266 3592 quoffipvepseganep
1288 3521 1362 3576 paup
1383 3522 1577 3577 monasterium
1596 3521 1699 3579 gregum
1713 3528 1765 3577 ω,

130 3610 275 3668 steriensis
298 3610 325 3664 in
353 3605 540 3678 llartpuologio
563 3605 736 3662 benedictino
759 3606 918 3675 Anglieano,
972 3611 1119 3682 Utrumque
1131 3609 1251 3666 condidit
1273 3611 1411 3682 biscopus,
1432 3627 1464 3667 ae
1483 3613 1572 3669 eidem
1595 3612 1689 3669 abbati
1717 3610 1764 3669 iis-

129 3702 224 3771 partim
239 3699 346 3769 quidem
363 3700 389 3753 in
406 3694 528 3751 taltula2
550 3696 747 3764 addendorum,
768 3696 865 3766 partim
886 3695 921 3750 ad
971 3703 1085 3772 demque
1101 3700 1231 3757 instituti,
1258 3700 1373 3759 subesse
1397 3703 1492 3758 volup,
1523 3702 1603 3772 pugg
1629 3703 1660 3759 g„
1686 3714 1765 3759 α...

129 3790 165 3847 25
178 3789 345 3859 Septembris
357 3805 364 3841 ι
378 3802 458 3858 quarn
472 3787 623 3843 Editionem
640 3802 700 3842 euru
720 3787 856 3858 ignoraret
876 3786 922 3842 la·
972 3793 1035 3859 tuit,
1050 3801 1080 3847 ut
1093 3806 1285 3862 nonnunquam
1301 3792 1370 3862 apud
1387 3793 1485 3849 Bedaru
1496 3793 1619 3864 aliosque
1629 3804 1764 3860 auctora,

130 3882 215 3937 cobus
226 3879 363 3944 Waraeus,
378 3892 462 3948 eques
476 3888 595 3945 auratus,
611 3878 689 3933 aliem
705 3893 777 3934 anno
791 3877 859 3934 tuat
874 3892 922 3948 ag·
972 3884 1047 3953 quasi
1061 3884 1142 3939 unius
1164 3885 1320 3940 monasterti
1350 3884 1482 3940 vocabulo
1507 3895 1678 3942 censeretur,
1703 3884 1765 3943 (gp.

130 3984 237 4039 gressus
251 3978 293 4023 est
308 3967 523 4023 bubliniensibus
538 3969 618 4040 typis,
636 3969 812 4042 eamdemque
827 3970 920 4025 Ludo·
973 3990 1054 4031 reuse
1067 3975 1176 4031 incoluit
1189 3976 1271 4041 Beda,
1286 3989 1303 4032 a
1318 3976 1398 4032 banis
1410 3988 1504 4046 postea
1518 3978 1602 4034 setnol
1616 3978 1763 4049 atgosito-

131 4063 204 4117 uieus
223 4061 333 4117 llillaine
349 4059 494 4129 bibliopola
519 4060 629 4118 Parisiis
657 4063 767 4119 biennio
792 4071 853 4132 post
876 4078 921 4119 re·
974 4081 1032 4121 rum
1056 4066 1236 4124 destructum.

130 4156 245 4212 censuit.
259 4155 332 4209 lllam
346 4152 430 4222 ipsam
442 4152 579 4209 historiam
595 4157 784 4225 predictorum
795 4158 921 4212 abbatum
1009 4155 1036 4211 l.
1057 4157 1147 4213 Sancti
1163 4157 1300 4214 Benedicti
1316 4159 1421 4230 biscopi
1444 4174 1542 4216 nomen
1557 4168 1590 4217 te
1613 4175 1764 4233 cognonen

130 4258 205 4320 gesta
220 4250 403 4304 continentem
419 4246 463 4302 bic
486 4261 709 4318 representamus
732 4249 857 4306 contiuua
872 4263 922 4305 se·
937 4231 960 4292 Β
974 4250 1040 4304 uarii
1054 4250 1127 4305 varie
1144 4249 1271 4306 eliciunt.
1290 4250 1457 4309 venerabilia
1471 4251 1544 4308 Reda
1561 4253 1707 4325 Biseopunt
1718 4268 1765 4311 eo·

131 4341 183 4403 rie.
200 4348 255 4394 tum
269 4337 330 4410 qrria
344 4336 462 4392 auctoris
473 4339 604 4408 integrum
618 4354 684 4410 opus
697 4339 826 4396 exbibete
838 4338 923 4396 satius
974 4349 1119 4408 gnomento
1134 4340 1308 4396 teredinum
1322 4342 1448 4413 appellat,
1465 4353 1521 4398 tnm
1536 4345 1563 4399 in
1581 4345 1704 4417 subjecta
1724 4343 1766 4400 lti-

133 4430 219 4485 risum
234 4439 286 4493 est,
301 4436 356 4482 tum
378 4426 440 4497 quia
455 4429 609 4497 permistam
622 4430 656 4485 de
669 4430 826 4485 eorumdem
842 4430 923 4487 abba·
975 4432 1069 4498 storia,
1085 4441 1140 4486 tum
1157 4432 1182 4487 in
1199 4432 1268 4488 llist.
1283 4435 1363 4506 dngt.
1377 4435 1426 4491 lib.
1440 4450 1478 4503 rr,
1493 4450 1555 4506 rap.
1576 4434 1624 4504 tt,
1638 4445 1666 4493 et
1677 4435 1726 4492 tib.
1739 4450 1767 4502 t,

133 4538 188 4595 turn
205 4527 281 4581 laetis
291 4524 471 4580 narrationem
488 4523 606 4581 diuidere
623 4541 675 4580 nou
690 4523 773 4581 licuit.
790 4527 830 4582 bn
843 4527 923 4581 etiam
977 4535 1035 4591 eap,
1052 4521 1096 4578 ab.
1114 4524 1149 4576 nt
1173 4521 1326 4581 Florentius
1340 4523 1541 4597 wigorniensis
1555 4541 1588 4583 ae
1601 4527 1768 4585 resentiorss

134 4617 203 4672 llud-s
217 4630 370 4672 sermonem
388 4615 420 4670 de
434 4624 528 4670 saneto
543 4616 654 4688 biscopo
666 4617 860 4689 composuerit,
877 4632 925 4690 po
977 4613 1076 4682 passim
1092 4612 1266 4668 benedictum
1290 4614 1442 4686 biscopium
1467 4626 1576 4673 voearrt.
1598 4616 1768 4689 cognonen·

133 4720 191 4766 stea
207 4709 408 4781 inquirendum.
977 4711 1033 4758 tum
1049 4720 1177 4775 usurpare
1191 4706 1297 4764 ridetur
1319 4707 1390 4764 Beda
1413 4723 1463 4779 pro
1477 4709 1587 4765 nomino
1612 4710 1703 4767 altero
1721 4724 1769 4767 sert

169 4799 198 4853 2.
218 4799 321 4868 Quanta
336 4799 371 4854 ⁸11
387 4798 464 4854 Βεὼρ
486 4800 645 4868 enormitas,
661 4815 743 4857 nomo
763 4799 927 4856 nesciente
976 4808 1043 4850 roeo
1056 4798 1207 4865 cognomini
1230 4806 1258 4854 et
1279 4800 1444 4869 promiscua,
1468 4816 1522 4871 quo
1544 4815 1626 4858 sensu
1644 4818 1766 4859 nonnos·

135 4900 225 4945 tauren
239 4905 273 4945 eo
289 4891 421 4960 potiorem
437 4900 553 4946 meretur
577 4892 669 4959 iidem,
693 4891 763 4963 quud
787 4892 821 4947 ds
844 4893 926 4948 rebus
977 4903 1056 4959 quam
1078 4890 1149 4961 apud
1172 4902 1297 4948 auctores
1320 4895 1415 4951 media
1430 4896 1516 4953 atatis
1539 4908 1699 4968 usurpatum
1719 4897 1769 4954 ad·

136 4983 186 5038 sibi
201 4984 271 5038 notis
291 4998 322 5038 ae
347 4985 495 5052 perspectis
510 4984 615 5041 scribit.
631 4984 735 5055 Quippe
751 5002 762 5038 s
790 4983 861 5040 Beda
877 4984 926 5041 liei
978 4980 1117 5034 vertimus.
1135 4980 1281 5036 [lluotuinis
1301 4998 1366 5053 ergo
1383 4993 1442 5040 erat
1455 4986 1597 5056 biscopus,
1612 5002 1666 5044 nos
1679 4998 1767 5045 unsa

137 5072 251 5129 lanndus
265 5083 293 5129 et
312 5074 452 5145 presbyter
470 5076 625 5133 ruonasterii
647 5076 787 5133 beatorum
811 5085 923 5148 aposto·
978 5086 1027 5143 pro
1042 5087 1117 5130 more
1133 5075 1233 5130 usitato
1249 5075 1423 5134 Benedicturn
1440 5078 1582 5151 biscopum
1599 5081 1703 5154 ubique
1723 5098 1774 5140 os·

137 5166 223 5221 lorum
238 5165 308 5220 Petri
323 5166 394 5235 guod
408 5175 450 5222 est
462 5169 531 5237 apud
543 5168 719 5224 illirimudam
731 5175 759 5224 et
773 5169 921 5240 lngirrumr
977 5165 1133 5235 primemus.

136 5257 203 5324 luit;
221 5273 231 5309 r
249 5255 294 5328 qul
319 5265 397 5312 natus
419 5258 445 5312 in
467 5257 601 5316 territorio
616 5259 735 5332 ejusdem
759 5263 926 5329 monasterii,
1013 5258 1041 5314 5·
1070 5257 1232 5315 Βθῦθόῑθῑῦῦ
1254 5260 1375 5330 (ludiim
1397 5264 1540 5335 icllisslm
1562 5264 1677 5335 illelmi·
1702 5265 1773 5341 iifl

138 5363 198 5406 eum
214 5357 284 5404 esset
299 5362 429 5403 antrorum
445 5360 558 5417 septem,
571 5365 635 5405 eura
649 5351 857 5421 propinquorum
876 5351 927 5407 da·
981 5346 1096 5403 Pitseum
1113 5348 1334 5407 Exhortationum
1353 5352 1388 5408 ad
1408 5352 1553 5410 lionmbos
1575 5354 1678 5413 librum
1692 5374 1711 5415 r.
1734 5356 1771 5413 bs

138 5448 180 5493 tus
194 5447 237 5495 est
247 5438 405 5495 educandus
416 5441 641 5497 reverendissimo
661 5443 750 5498 ablati
769 5442 927 5509 Benedirto,
980 5453 1029 5493 suu
1041 5437 1183 5509 Pririlegio
1197 5440 1243 5496 lib.
1255 5455 1276 5507 t.
1293 5442 1331 5498 be
1342 5442 1524 5501 celebratione
1539 5445 1675 5504 iustorum
1692 5446 1770 5505 tollat

151 5618 157 5631 ι
176 5558 188 5587 ·
203 5550 240 5607 lle
255 5551 334 5624 buius
346 5561 557 5636 caeterorumque
569 5557 704 5611 nominum
718 5556 907 5627 orthographia
919 5569 971 5611 non
983 5558 1154 5614 consentiunt
1167 5561 1264 5619 eruditi
1275 5571 1320 5630 ;et
1334 5561 1394 5632 boe,
1406 5560 1433 5619 ni
1442 5561 1528 5634 iallor,
1541 5552 1772 5637 anglo-sato&

140 5618 237 5689 baguas
251 5631 468 5694 pronuntiationi,
484 5638 542 5692 pure
557 5628 672 5682 masline
686 5630 787 5683 ineerta
801 5639 852 5690 est.
871 5626 1049 5686 tribuendum.
1063 5628 1161 5686 Earn·
1671 5642 1675 5649 ’
1746 5634 1750 5643 ’
