3802 6126
152 319 220 375 itti
716 315 920 374 sect.11.-
940 318 1221 375 bietteottiett.
1703 315 1774 374 tttt

780 427 892 484 tentato
910 427 1137 486 cotontcttsts.

149 521 292 575 θιτιιιιιιι
315 531 643 585 puaunacesntorncuuoo,
675 530 835 573 otvarttnrs
862 532 932 573 vrso
946 522 972 581 A
985 518 1107 583 basilica,
1124 527 1153 575 ut
1166 518 1266 585 decuit,
1278 525 1421 589 martyrem
1436 518 1565 589 sepelivit.
1582 520 1644 602 ipso
1654 522 1697 577 dre
1712 522 1767 577 llo·

148 624 305 668 censeam
317 624 489 666 nonacensis
504 624 601 665 ranrto
612 624 690 675 nano,
703 626 735 665 ts
751 609 825 666 ilnae
838 625 930 665 aurea
985 622 1036 662 mae
1051 609 1076 662 in
1087 607 1241 664 cunerono
1257 606 1404 678 Aproniani
1421 608 1510 678 passio
1526 620 1626 666 sancte
1640 611 1767 681 Eugeniur

147 717 261 759 conotra
291 715 535 757 seertnernrssrao
559 714 771 765 ontnouaossnro
797 713 933 765 sacunuo,
984 697 1104 768 virginis,
1130 713 1190 767 que
1213 707 1333 768 tempore
1362 697 1478 755 Gallieni
1504 700 1674 772 imperatoris
1707 711 1768 770 post

147 791 311 862 compressis
324 802 479 847 cunctarum
489 807 535 862 per
545 793 638 848 orbem
654 802 732 848 terre
745 792 861 862 gentium
871 805 931 846 mo·
983 790 1064 845 multa
1078 788 1190 857 insignia
1207 788 1345 856 virtutum,
1360 797 1388 844 et
1406 803 1498 846 sacros
1510 790 1643 861 rlrgiuum
1657 790 1766 859 eboros,

148 885 229 949 tibus,
244 896 272 941 et
296 882 448 938 lirmissima
463 897 527 950 pace
544 883 713 939 ordinatione
738 883 784 938 Dei
798 897 814 937 a
828 883 933 938 Castore
982 894 1049 948 nuos
1062 877 1173 933 cbristo
1185 878 1299 933 Domino
1312 888 1511 949 aggregaverat,
1525 881 1575 936 sub
1587 879 1701 954 lipcetio
1715 897 1763 936 ur·

147 977 267 1045 Augusto
288 973 435 1029 Octaviano
449 973 605 1043 compotita,
626 975 732 1045 quando
752 973 882 1045 cyrenius
898 989 931 1029 ex
984 970 1025 1026 bis
1039 969 1162 1038 praelecto
1171 971 1278 1041 alligato
1292 983 1368 1037 saxo,
1381 978 1409 1026 ei
1419 972 1582 1041 precipitata
1596 972 1622 1027 in
1634 972 1764 1039 Tiberim,
1816 990 1831 1015 ο

146 1063 258 1118 consilio
281 1071 399 1130 senatus,
425 1063 451 1118 in
466 1063 584 1118 iudaeam
600 1064 710 1130 missus,
730 1078 826 1119 census
841 1062 929 1118 borni·
983 1057 1032 1113 sed
1052 1058 1134 1128 mergi
1149 1072 1200 1113 non
1224 1059 1319 1127 potuit.
1338 1060 1402 1116 inde
1416 1060 1526 1116 tlrermis
1547 1062 1638 1133 ignitis
1653 1061 1768 1129 inclusa,

147 1167 211 1207 rrum
237 1153 487 1223 praemiorumque
511 1153 689 1218 describebat,
709 1164 817 1209 sextam
841 1153 933 1208 murrdi
984 1150 1065 1205 illesa
1086 1159 1189 1218 reperta
1205 1160 1255 1216 est,
1278 1151 1422 1208 novissime
1444 1153 1472 1208 in
1493 1154 1538 1209 dic
1552 1155 1648 1211 natalis
1661 1154 1767 1210 Domini

145 1249 251 1298 etatem
274 1256 325 1297 suo
351 1241 472 1312 piissimo
491 1243 658 1298 covrsecravit
685 1242 809 1300 adventu.
831 1241 933 1299 Eodem
984 1240 1120 1309 sicutipse
1139 1241 1261 1296 salrator
1275 1242 1299 1298 ei
1321 1251 1383 1299 aute
1405 1243 1543 1311 revelavit,
1558 1260 1606 1315 per
1621 1246 1768 1315 spiculato-

146 1333 408 1390 dienataiesanetan
431 1334 664 1404 anastasiamque
686 1345 806 1406 tempore
831 1335 936 1391 Diocle·
984 1347 1040 1389 rem
1066 1330 1092 1387 in
1107 1333 1226 1388 custodia
1240 1333 1330 1402 gladio
1354 1332 1499 1405 jugulatur.
1528 1337 1560 1391 Et
1574 1339 1707 1394 sublatum
1724 1347 1767 1393 est

145 1421 211 1477 tieui
223 1423 308 1491 primo
321 1423 489 1478 durissimam
501 1432 529 1479 et
540 1423 670 1480 immitem
683 1426 833 1481 custodiam
846 1441 861 1481 a
874 1426 932 1482 riro
984 1438 1079 1495 corpus
1106 1422 1189 1494 riusa
1210 1424 1377 1486 Christianis.
1393 1436 1421 1482 et
1435 1427 1548 1494 positum
1567 1440 1619 1483 uon
1639 1428 1718 1498 louge
1732 1428 1767 1483 ab

145 1526 196 1567 suo
220 1511 313 1567 l‘ublio
340 1525 477 1583 perpessa,
508 1513 535 1569 in
560 1527 611 1584 qua
627 1523 744 1570 tamena
758 1515 935 1587 Chrysogono
984 1515 1102 1572 urbevia
1123 1513 1226 1581 Latina,
1243 1515 1269 1570 in
1285 1517 1385 1586 praedio
1397 1518 1455 1588 eius
1479 1518 1598 1588 proprio,
1613 1518 1658 1575 ubi
1671 1521 1769 1576 mulio·

144 1603 297 1660 contorsere
305 1603 402 1660 citrini
413 1607 523 1659 multum
535 1606 671 1662 consolata
682 1615 710 1662 et
721 1607 869 1664 confortata
881 1616 932 1679 est,
984 1625 1043 1667 rum
1055 1611 1112 1682 ipsa
1126 1610 1269 1681 sepelierat
1282 1610 1412 1666 membra.

143 1693 268 1750 deinter
283 1694 407 1764 praelecto
422 1695 525 1766 lllyrtco
549 1696 576 1751 ln
603 1696 769 1767 grnrissinra,
784 1707 862 1769 atque
876 1697 935 1755 diu·
1020 1703 1051 1759 (l.
1069 1703 1113 1757 l'll
1124 1701 1245 1759 Karene.
1260 1702 1321 1758 ian.
1335 1702 1411 1758 -ln
1426 1701 1525 1773 oppido
1541 1700 1771 1773 ierosolymitano

144 1787 200 1840 tina
223 1786 342 1842 custodia
362 1797 494 1843 macerata
513 1798 565 1856 est,
592 1790 619 1844 in
639 1804 691 1859 qua
713 1789 818 1846 duobus
835 1791 935 1846 mensi·
984 1792 1195 1863 Capitargamaia
1210 1792 1299 1862 passio
1319 1792 1405 1847 sancti
1418 1792 1547 1864 Stepbani
1564 1792 1770 1863 protomartyris

144 1875 195 1933 bns
207 1875 305 1934 relecta
318 1887 359 1935 est
380 1878 532 1935 coelestibus
552 1878 622 1935 escis
646 1894 693 1950 per
706 1889 823 1936 sauemrn
846 1880 934 1937 'i'lteo-
951 1875 1097 1950 DCbrlsti,
1110 1885 1155 1954 qui
1176 1898 1229 1939 non
1254 1883 1338 1938 multo
1353 1892 1412 1954 post
1425 1885 1609 1939 ascensionem
1621 1883 1727 1939 Domini
1737 1883 1771 1938 ab

144 1967 250 2035 doram,
272 1985 333 2040 que
357 1970 515 2037 martyrium
540 1969 613 2038 prius
639 1984 718 2041 passa
746 1980 797 2028 est.
831 1971 933 2028 Deinde
983 1973 1115 2044 apostolis
1128 1973 1258 2029 diaconus
1269 1973 1407 2030 oniinatns
1418 1983 1468 2030 est.
1484 1974 1587 2031 Scribit
1605 1975 1699 2031 beatus
1712 1972 1769 2030 bu·

142 2057 204 2112 uari
230 2059 353 2128 imposita
383 2074 443 2115 curn
470 2060 592 2115 ducentis
620 2061 697 2132 viris,
724 2071 753 2119 rt
776 2063 931 2133 quingentis
981 2077 1029 2121 eas
1049 2063 1212 2136 evangelista
1225 2063 1285 2134 ejus
1300 2066 1451 2134 passionem
1463 2066 1490 2120 in
1504 2066 1614 2121 Actibus
1625 2065 1761 2135 apostolo-

141 2147 255 2216 leminis,
270 2161 298 2204 ut
317 2148 536 2221 demergerentur
549 2150 576 2206 in
590 2166 681 2219 mare;
705 2153 752 2210 sed
773 2156 875 2225 perlata
890 2164 932 2212 est
981 2173 1052 2214 rum.
1069 2158 1171 2215 sotem
1184 2159 1228 2214 die
1242 2161 1327 2215 sancti
1343 2160 1445 2230 ignatii,
1459 2159 1518 2216 llull
1531 2158 1668 2216 etzosimi
1679 2174 1764 2231 papae,

141 2238 175 2293 ad
188 2239 288 2294 insulas
315 2238 471 2310 Palmarias,
495 2242 539 2298 ubi
567 2259 615 2315 per
631 2259 726 2301 manus
744 2253 772 2300 et
787 2246 867 2313 pedes
881 2260 931 2303 es·
980 2253 1025 2322 quvi
1037 2251 1107 2307 sedit
1125 2251 1218 2308 Rome>
1232 2267 1332 2308 annum
1348 2267 1439 2308 unum.
1454 2252 1501 2310 iiic
1513 2252 1652 2310 cousbtuit
1667 2262 1697 2310 ut
1708 2253 1766 2310 dia·

141 2339 226 2398 tensa,
239 2340 267 2387 et
278 2331 356 2404 ligata
370 2333 404 2388 ad
418 2333 492 2404 palos
508 2333 586 2401 bros,
605 2347 633 2391 et
644 2339 716 2392 circa
737 2337 856 2393 medinm
872 2337 930 2408 ejus
980 2356 1064 2398 conus
1092 2342 1185 2398 ieram
1201 2352 1302 2415 tegeret
1323 2342 1422 2412 palliis,
1442 2354 1469 2399 et
1484 2348 1610 2414 pracepit
1634 2352 1664 2399 ut
1677 2343 1765 2400 nullus

140 2423 211 2491 ignis
234 2424 414 2491 seruauere
435 2438 489 2495 ouo
511 2428 668 2498 martyrium
682 2414 929 2493 consummavit,'et
978 2432 1229 2500 clericuspoenlum
1245 2434 1271 2487 in
1294 2432 1400 2500 publico
1421 2435 1585 2504 propinaret,
1602 2433 1766 2490 utstuntnnr

136 2513 297 2581 omnesqui
325 2527 386 2568 cnm
418 2513 463 2569 illa
478 2524 617 2584 venerant,
633 2517 714 2572 variis
736 2517 928 2573 interlectioni·
979 2522 1094 2578 lucellis
1119 2522 1239 2579 iidoiium
1264 2532 1292 2579 et
1306 2523 1477 2580 clericorum.
1501 2524 1539 2581 De
1553 2539 1667 2595 quorum
1682 2539 1768 2595 agone

139 2601 191 2658 bus
204 2602 360 2675 martyrium
373 2604 552 2661 celebrarunt.
570 2605 641 2662 inter
663 2621 732 2676 quos
753 2623 846 2664 omnes
859 2622 928 2666 unus
978 2610 1065 2678 leiici,
1087 2622 1196 2668 sanetum
1220 2612 1385 2684 Polycarpus
1409 2614 1437 2670 in
1463 2614 1576 2684 epietoia
1604 2613 1637 2669 ad
1668 2613 1766 2684 Plriiip

137 2700 197 2747 erat
212 2690 437 2773 innocentissima
460 2703 572 2762 naturae,
600 2699 709 2755 nomine
733 2699 927 2769 Eutychianos.
977 2716 1073 2773 penses
1098 2703 1202 2768 scribit,
1229 2703 1322 2760 dicens
1338 2720 1374 2759 :r
1400 2703 1535 2773 Deprecor
1558 2713 1648 2759 summ
1672 2717 1766 2759 omues

136 2780 189 2850 ent
199 2781 311 2839 sublatis
322 2782 387 2851 sibi,
401 2798 464 2842 eam
479 2787 557 2844 diros
579 2799 661 2856 esset,
675 2792 801 2849 omnibus
814 2793 925 2849 lacuira·
976 2806 1025 2848 ros
1037 2793 1197 2850 obedientie
1207 2793 1400 2865 dereoperam,
1415 2808 1449 2850 ac
1462 2792 1583 2850 meditari
1596 2786 1765 2863 patientiam,

138 2875 223 2942 tibus,
248 2879 331 2932 tacuit
352 2878 418 2934 nibil
432 2881 561 2950 cogitans,
585 2883 705 2955 nilrllque
725 2893 848 2941 metuens
873 2883 925 2940 nisi
974 2899 1056 2956 quam
1070 2884 1173 2942 ridistla
1188 2884 1215 2941 ln
1231 2884 1343 2956 ignatio,
1366 2893 1394 2942 et
1412 2883 1491 2949 linio,
1504 2895 1533 2940 et
1550 2884 1658 2940 zosimo
1673 2883 1762 2940 beatis

137 2967 201 3031 iroc,
226 2984 260 3024 ne
284 2970 424 3029 tenuitates
437 2987 469 3028 ac
483 2974 591 3030 divitias
614 2975 676 3032 iidci
697 2976 835 3046 perderet.
851 2975 926 3045 Quo·
974 2977 1051 3041 ritis,
1065 2977 1181 3034 scientes
1194 2975 1264 3048 qnod
1278 2976 1305 3032 bl
1320 2990 1374 3032 non
1387 2976 1551 3042 invacoum,
1561 2977 1609 3031 sed
1622 2991 1672 3044 per-
1685 2975 1768 3030 iidem

136 3060 291 3130 tiescunque
312 3060 408 3118 luisset
431 3065 546 3135 auditus,
575 3064 785 3136 quotiescunque
808 3067 924 3123 interro·
973 3077 999 3125 et
1019 3067 1152 3138 justitiam
1167 3075 1358 3134 crvcurrernut,
1371 3066 1457 3126 donec
1480 3065 1651 3123 verrirentad
1676 3065 1765 3122 locum

134 3151 298 3219 gatus,niiail
312 3152 500 3210 aliuddicebat
515 3174 522 3210 z
538 3154 676 3212 cbristum
692 3157 825 3214 miblnou
840 3158 919 3223 tollit,
972 3160 1024 3216 sibi
1038 3175 1054 3214 a
1070 3157 1183 3214 Domino
1201 3165 1390 3228 preparatum,
1418 3159 1544 3229 quonlam
1570 3156 1677 3226 guidem
1701 3171 1764 3226 pas·

134 3241 214 3298 etiam
233 3241 278 3314 qui
303 3252 384 3313 caput
408 3245 559 3302 abstulerit.
578 3247 653 3304 Tunc
678 3247 818 3318 Apollonia
841 3248 920 3304 cbri-
933 3220 957 3285 C
972 3251 1076 3306 sionum
1096 3247 1155 3320 elur
1173 3248 1317 3318 participet
1342 3246 1516 3314 exstiterunt;
1542 3262 1591 3303 nec
1611 3246 1767 3303 dilexerunt

134 3332 221 3387 stiam
247 3340 368 3390 matrona
394 3334 490 3391 tollens
519 3350 618 3408 corpus
644 3337 727 3394 beatae
749 3337 919 3406 Anastasis,
973 3355 1091 3413 present
1110 3343 1249 3407 secutum,
1275 3340 1322 3397 ssd
1335 3339 1482 3403 Christum,
1508 3340 1554 3411 qui
1573 3353 1622 3407 pro
1646 3338 1710 3409 ipsis
1737 3346 1768 3395 et

134 3422 350 3493 exosculabatur,
363 3436 392 3483 et
404 3427 568 3484 aromatibus
581 3439 610 3485 et
630 3428 827 3487 linteaminibus
840 3446 919 3486 mun·
973 3446 1022 3502 pro
1047 3431 1172 3489 omuibus
1193 3441 1313 3488 mortuus
1336 3436 1392 3498 etl,
1409 3438 1437 3486 et
1450 3430 1634 3486 resurrexit.»

133 3513 180 3571 dis
194 3514 350 3583 obvolvens,
364 3517 434 3574 iutra
445 3519 601 3575 viridarium
616 3520 712 3577 domus
722 3537 779 3578 sue
791 3521 921 3578 labrimta

756 3636 871 3694 cottio
890 3627 1138 3694 mansuetans.

135 3744 253 3812 potentia
267 3755 294 3800 et
309 3753 412 3815 tempus
434 3747 578 3804 nativitatis
598 3762 653 3804 sue
676 3745 810 3818 previdit,
822 3754 850 3803 et
861 3761 917 3802 ma·
974 3746 1001 3800 in
1014 3757 1067 3814 quo
1081 3737 1238 3810 martyrium
1251 3733 1456 3799 consummavit,
1472 3741 1499 3789 et
1520 3747 1614 3789 omnes
1635 3732 1681 3803 qui
1700 3745 1761 3789 cusa

134 3844 202 3890 trem
220 3849 268 3904 per
282 3849 362 3905 quam
378 3846 533 3894 nosceretur
546 3838 637 3909 elegit.
974 3839 1018 3896 illa
1032 3843 1161 3894 venerant
1175 3830 1254 3888 uariis
1266 3827 1498 3886 interiectionibus
1512 3827 1669 3899 martyrium
1681 3825 1760 3882 eele-

170 3925 204 3979 iit
218 3924 249 3980 S.
269 3933 283 3963 ⁸
306 3925 430 3995 Eugenie
445 3929 564 4000 virginis.
586 3931 687 3987 Eodem
709 3931 752 3988 die
775 3930 864 3988 natale
890 3930 920 3989 S.
973 3933 1093 3988 brarunt.

133 4017 300 4084 Anastasia,
325 4033 384 4089 que
407 4028 527 4091 tempore
549 4022 708 4080 Diocletiani
724 4025 811 4093 primo
834 4022 919 4079 diram
1010 4020 1104 4075 Florus
1116 4019 1143 4072 in
1163 4016 1197 4071 Α.
1218 4015 1250 4070 T.
1263 4012 1294 4070 i..
1312 4013 1458 4083 preposuit
1474 4029 1480 4065 :
1497 4012 1525 4067 ln
1538 4010 1646 4068 Sirmio.

133 4116 162 4163 et
175 4108 303 4164 immitem
316 4109 463 4166 custodiam
487 4128 502 4166 a
526 4115 584 4170 viro
611 4129 660 4170 suo
682 4115 777 4171 Publio
793 4128 920 4184 perpessa
1010 4111 1054 4178 tt,
1068 4105 1329 4175 Constantinopolim
1339 4104 1368 4161 S.
1385 4103 1528 4159 anastasii.

133 4207 186 4265 est,
202 4200 293 4268 inqua
307 4200 921 4276 emenstctrysogmoeontessorecmint
1009 4200 1055 4255 stt.
1070 4198 1163 4254 -iil
1187 4197 1255 4254 llas.
1271 4195 1366 4252 Natale
1393 4194 1422 4252 S.
1454 4193 1584 4263 stelinni
1615 4202 1762 4267 imiimi·

133 4288 248 4344 multum
271 4290 408 4346 consolata
427 4301 454 4348 et
467 4294 616 4349 contortata
632 4304 684 4353 est.
708 4294 811 4352 Deinde
824 4310 839 4350 a
853 4309 922 4365 pre·
975 4295 1053 4365 tyris.
1785 4280 1792 4292 ⁹

133 4379 203 4435 lecto
224 4379 317 4437 illirici
338 4382 535 4452 ingratissima
550 4400 626 4455 arque
645 4386 920 4442 etdiutinacustodia
1011 4384 1105 4440 Florus
1126 4384 1152 4438 in
1177 4382 1210 4437 tt.
1235 4380 1268 4436 l.
1290 4378 1343 4437 t.:
1370 4377 1398 4432 iu
1426 4376 1524 4447 oppido
1538 4373 1761 4452 ierosolymitano

130 4482 265 4529 macerata
278 4485 321 4531 est
340 4475 492 4549 (lismonte
505 4479 566 4548 b),
582 4477 676 4548 inqua
693 4478 799 4535 duobus
815 4479 918 4534 mensi·
972 4476 1034 4532 villa
1047 4470 1260 4545 captargannta
1273 4470 1363 4540 passio
1383 4469 1414 4526 S.
1430 4467 1570 4539 Stephani,
1590 4470 1635 4538 qui
1648 4467 1683 4523 ab
1694 4482 1761 4538 apo·

130 4565 181 4620 bus
196 4565 294 4623 relecta
308 4578 349 4624 est
368 4570 525 4626 coelestlbns
538 4572 610 4626 ercis
635 4585 682 4639 por
698 4571 728 4629 s.
749 4571 917 4640 Theodorou,
934 4566 1047 4652 „stolis
1059 4562 1138 4621 levita
1158 4562 1306 4626 ordinatus,
1320 4558 1355 4615 ob
1372 4560 1553 4615 testimouium
1568 4556 1668 4613 cunm
1685 4558 1755 4628 lapi·

129 4668 190 4726 quas
209 4656 281 4726 priua
296 4659 450 4729 martyrium
465 4675 544 4730 passa
563 4672 616 4717 est.
633 4660 734 4718 Deinde
749 4664 809 4718 navi
831 4662 918 4734 impo-
971 4659 1097 4716 dantibus
1108 4656 1208 4714 iudeis
1232 4655 1334 4727 primus
1361 4660 1421 4720 post
1445 4650 1629 4707 ascensionem
1652 4650 1758 4706 Domini

128 4743 180 4799 sita
194 4758 254 4799 eum
274 4746 396 4804 ducentis
413 4749 477 4805 viris
501 4757 531 4805 et
554 4752 730 4821 septingentis
756 4749 873 4817 lerninis,
890 4758 918 4806 ut
972 4750 1100 4821 martyrio
1110 4752 1309 4802 consummatus
1321 4751 1363 4800 est
1381 4741 1532 4814 (Damione
1544 4741 1602 4810 Δ.).
1616 4740 1663 4797 liic
1676 4740 1760 4797 coelos

127 4835 329 4906 demergeretur
348 4840 467 4908 inmari,
484 4844 584 4912 perlata
603 4853 642 4899 est
666 4843 700 4899 ad
726 4844 827 4900 insulas
852 4843 918 4900 Pal·
972 4842 1040 4898 vidit
1057 4846 1164 4910 apertos
1186 4845 1215 4893 et
1237 4835 1327 4891 iesum
1351 4841 1465 4889 stantem
1489 4846 1506 4887 a
1530 4831 1630 4889 destris
1653 4829 1761 4887 virtutis

128 4926 238 4994 marias,
251 4930 296 4985 ubi
308 4945 356 5000 per
366 4946 461 4988 manus
473 4941 501 4988 et
512 4933 594 5004 pedes
605 4943 716 4991 extensa
727 4943 780 5004 est,
792 4933 872 5005 ligata
882 4933 916 4990 ad
972 4936 1038 5001 Dei;
1051 4933 1093 4990 cui
1105 4932 1228 5000 spiritum
1247 4927 1494 4994 commendarem
1512 4941 1561 4997 pro
1581 4931 1759 4997 persecutori·

128 5015 204 5085 patus
217 5015 299 5088 llsos,
313 5028 341 5078 et
352 5023 423 5077 circa
438 5023 556 5093 medium
566 5023 627 5095 eius
639 5024 707 5094 ignis
722 5039 851 5084 accensus
864 5033 917 5090 est,
973 5026 1024 5085 bus
1033 5039 1160 5095 exorans,
1172 5023 1258 5080 lnvbrs
1272 5020 1388 5092 lapidum
1399 5016 1521 5090 pertusus
1531 5017 1700 5076 obdormivit.

817 5136 923 5193 sttttfl
941 5136 1056 5194 NDTAE.

165 5241 333 5314 ‘Eugenium
360 5242 436 5299 Filiae
461 5242 575 5314 Philippi
603 5244 722 5315 praelecti
744 5246 915 5302 Alexandrini
970 5257 1061 5318 geant,
1076 5245 1158 5301 veluti
1178 5243 1248 5313 quod
1272 5241 1308 5298 ibi
1329 5240 1426 5311 legitur
1446 5241 1580 5312 dei’biiip
1630 5242 1668 5298 Eu
1686 5241 1758 5320 enias

128 5323 252 5382 tempore
272 5314 386 5369 Gallieni
409 5315 588 5382 imperatoris,
602 5331 662 5385 quae
683 5330 824 5371 assumens
840 5315 917 5371 babi·
970 5327 1055 5386 patre,
1080 5314 1159 5378 lacto,
1177 5322 1206 5369 ut
1230 5313 1268 5368 ait
1289 5321 1394 5377 auctor,
1410 5311 1537 5382 episeopo
1561 5313 1664 5369 lesan
1685 5326 1756 5377 rtno,

127 5392 185 5441 lum
198 5383 375 5439 virilemcum
389 5385 471 5440 sociis
489 5385 606 5441 Pratoet
621 5384 769 5456 liyacintlro
782 5396 916 5441 monaste·
969 5387 1039 5456 quod
1056 5386 1134 5453 plane
1156 5392 1337 5439 commentum
1358 5395 1420 5438 esse
1444 5382 1553 5438 Tabulae
1567 5383 1754 5452 episcoporum

128 5453 200 5509 rium
214 5455 400 5524 ingressam,
414 5455 490 5522 enjus
504 5455 675 5524 postesiacta
688 5456 832 5512 cstabbas.
850 5455 914 5511 Post
962 5455 1285 5523 alexandrinorumque
1309 5453 1344 5507 ab
1373 5451 1489 5508 Eusebio
1516 5451 1543 5505 in
1565 5449 1664 5506 (Ilaron.
1686 5453 1755 5506 etin

128 5523 240 5593 plurima
263 5531 351 5579 autom
373 5523 484 5594 insignia
499 5526 551 5581 sub
573 5524 677 5581 Nicetio
698 5526 771 5582 urbis
787 5526 913 5595 praelecto
965 5527 1032 5582 liiet.
1046 5525 1243 5588 describuntur,
1257 5522 1396 5578 manifeste
1408 5520 1555 5578 declarant.

127 5591 340 5664 diuagoniaaus,
362 5593 507 5650 novissime
527 5595 616 5664 gladio
637 5594 755 5666 jugulata
779 5605 830 5652 est.
847 5594 914 5666 ilius
998 5595 1208 5668 ltCirrgaopouo.
1234 5593 1271 5648 De
1294 5592 1404 5662 bocuui
1426 5590 1592 5647 anensium
1615 5589 1650 5646 ad
1670 5588 1750 5647 iidem

126 5666 193 5719 Aeta
208 5664 340 5732 descripta
353 5679 368 5718 a
390 5662 570 5735 lletapbraste
590 5674 696 5721 exstant
709 5665 777 5734 apud
790 5663 911 5731 Surium,
963 5665 1106 5732 corrnertit,
1124 5661 1229 5720 videti
1242 5662 1372 5720 Novemb.

128 5742 195 5790 tom.
209 5732 254 5791 tt.
270 5732 375 5791 liabent
399 5742 487 5793 tamen
513 5733 600 5806 aliqua
625 5751 684 5807 que
707 5750 819 5794 censura
844 5735 914 5793 itnll·
