3802 6126
123 246 177 303 ιιι
360 260 369 301 ι
467 236 569 296 llliliAE
591 232 818 292 insanandus
838 231 913 287 Ol’l'.
936 228 1025 287 ndns
1043 227 1087 283 hl.
1108 254 1142 267 -
1162 223 1405 282 inundantes.

127 359 181 416 h'isi
194 372 267 429 partus
282 353 417 426 quomodo
432 352 549 407 mundus
564 351 646 407 luerit
666 364 681 401 a
701 346 830 417 principio
844 346 917 401 inre·
931 349 955 409 Α
969 341 1094 413 populum
1107 358 1113 393 ε
1127 340 1167 397 Sir
1190 341 1259 394 uobis
1273 341 1423 395 abstractas
1438 339 1493 394 diss
1503 339 1602 409 primas
1612 348 1637 395 ιι
1656 382 1658 389 .

127 453 252 524 stipatus,
267 446 334 503 nihil
350 452 439 517 potest
450 444 484 500 de
497 441 669 498 obseruantia
683 437 790 509 paschae
801 437 917 493 salubri·
970 451 1041 490 mua.
1058 435 1156 501 Qnirrta
1179 431 1222 486 illa
1238 430 1391 487 benedictio
1411 439 1464 498 est,
1488 439 1518 487 ιιι
1532 430 1559 486 ιι
1573 444 1647 487 emt

128 554 168 599 ter
182 540 312 597 ordinari.
337 538 468 594 Dixerrtot
483 550 547 605 ergo
568 535 706 602 episcopi:
720 530 805 599 Querar
828 531 918 586 credi·
970 522 1296 580 dicitzd'ircuotdederunt
1315 537 1357 576 me
1377 522 1444 577 sisti
1471 536 1546 593 opst,
1569 532 1594 575 et
1614 536 1658 577 w

127 646 187 689 tous
204 630 304 687 lactum
316 628 399 684 luisse
415 628 440 682 in
465 626 565 682 mundo
580 625 706 694 primurn,
732 620 784 677 nisi
797 619 918 675 bomini·
970 617 1034 689 sieut
1058 616 1126 685 ipsis
1149 614 1176 666 in
1189 613 1282 683 spinis.
1299 611 1337 668 Ee
1351 613 1535 667 ιιιιιιιιιιιιιιι
1553 622 1639 668 naha

127 740 189 779 cum
213 723 307 778 dierul
334 717 501 787 Theophilus
527 716 671 786 episcopus
696 712 764 768 diait
781 730 787 767 :
803 712 920 769 Probare
970 708 1054 762 dicit:
1072 706 1137 760 iles
1154 716 1192 759 est
1212 706 1354 775 diceneum
1375 708 1436 774 seat
1457 704 1658 773 nontamen

127 816 200 888 ortod
226 814 325 871 dicitis.
360 810 566 881 Responderunt
591 810 709 880 episcopi
737 806 919 864 :Secundum
971 804 1126 856 etlrctemrrr
1150 801 1177 854 itt
1195 815 1236 869 eo,
1251 799 1380 869 nequead
1399 813 1480 854 cornu
1501 800 1605 855 ultoris.
1626 798 1658 857 St

127 907 274 975 Scriptura
290 901 487 965 auctoritatem,
504 900 601 955 luctum
617 911 659 956 est
675 913 787 971 vespere
799 906 827 954 ιι
842 912 920 952 ιιιιιι
974 892 1125 948 benedictio
1136 902 1188 960 est,
1203 891 1275 962 quod
1292 892 1318 947 in
1329 893 1386 962 ipsa
1398 891 1528 949 Dominus
1546 908 1657 951 recurre

128 998 185 1053 ,1503
198 997 300 1064 primus
972 985 1020 1039 des
1035 997 1100 1053 ergo
1112 983 1173 1053 qrtia
1190 982 1249 1038 dies
1262 983 1468 1038 resurrectionis
1484 984 1658 1043 hontinlensr

164 1086 421 1151 lteiodesccundos,
434 1085 673 1154 tertius,quartus,
685 1084 918 1155 quinionserms,
973 1074 1038 1129 riter
1053 1075 1079 1129 in
1104 1073 1205 1129 Pascha
1226 1076 1310 1129 teneri
1332 1073 1426 1142 onisii·
1447 1074 1616 1147 Theophilus
1633 1074 1658 1135 dl

129 1180 267 1248 septimus.
284 1176 312 1231 ln
326 1191 379 1245 otto
392 1176 508 1245 septimo
524 1175 654 1244 rerpderit
667 1173 739 1228 Deus
751 1174 785 1228 ab
796 1171 921 1228 ontttibos
974 1173 1097 1233 tempore
1121 1173 1210 1219 antem
1230 1164 1263 1218 ad
1289 1164 1397 1235 horreo
1414 1165 1568 1223 mandatum
1588 1176 1634 1225 ιιι
1651 1182 1658 1225 ι

128 1270 255 1340 operibus
267 1267 334 1333 suis,
347 1281 427 1335 quern
442 1265 512 1320 diem
527 1263 672 1319 Sabbatum
684 1260 837 1332 appellarit.
852 1259 922 1328 Ergo
974 1254 1023 1310 llic
1036 1256 1136 1312 mensis
1152 1256 1205 1310 erit
1222 1255 1300 1311 robis
1321 1257 1427 1312 initium
1448 1260 1595 1329 niensium,
1610 1258 1658 1317 Par

127 1376 188 1416 cunt
202 1344 469 1414 rtot'issimum'diem
485 1356 573 1425 signet
588 1352 747 1417 Sabbatum,
762 1352 822 1424 quis
833 1359 922 1421 potest
973 1348 1026 1403 cite
1043 1350 1068 1402 io
1084 1364 1129 1404 eo.
1143 1349 1244 1406 Omnes
1255 1364 1320 1422 ergo
1339 1352 1448 1421 triginta
1462 1352 1520 1408 dics
1534 1368 1550 1409 a
1571 1352 1658 1411 ouon

128 1470 188 1509 csse
203 1453 317 1524 primus,
341 1451 392 1506 nisi
416 1450 569 1504 llonrioicus
588 1448 667 1504 diesi
680 1446 847 1517 Theophilus
865 1446 915 1516 epi
974 1444 1071 1497 secrati
1083 1453 1154 1498 sunt.
1172 1444 1298 1515 Episcopi
1316 1444 1446 1501 dicerunt
1458 1466 1465 1501 :
1476 1447 1535 1504 lam
1548 1450 1658 1521 superis

129 1560 227 1615 scopus
241 1545 309 1599 dixit
323 1560 329 1595 z
343 1544 411 1597 Eece
422 1541 457 1598 de
470 1542 514 1597 die
529 1539 680 1606 Dominico,
696 1540 757 1611 quia
771 1539 873 1609 primus
888 1538 922 1592 sit
975 1548 1034 1588 ntus
1045 1549 1216 1604 responsum,
1229 1536 1389 1607 principium
1401 1539 1493 1595 mundi
1505 1554 1567 1599 esse
1577 1542 1658 1617 monh

130 1637 279 1711 probastis,
301 1635 336 1691 de
358 1645 480 1705 tempore
502 1635 573 1690 enim
599 1633 663 1704 quid
680 1632 791 1688 dicitis?
803 1632 923 1699 Quatuor
974 1635 1071 1681 octavo
1086 1625 1268 1684 llalendarnm
1279 1630 1422 1698 Aprilium.
1435 1631 1468 1686 Et
1481 1633 1515 1687 ab
1526 1634 1658 1693 octatoli

128 1730 201 1789 euim
220 1728 313 1785 mundi
334 1737 455 1798 tempora
476 1726 663 1797 accipiuntur:
677 1725 741 1794 Ter,
763 1735 853 1789 aestas,
878 1739 925 1779 au·
941 1713 1036 1774 Bruto
1048 1718 1180 1789 Aprilium
1197 1735 1282 1792 usque
1297 1722 1323 1776 ιιι
1334 1734 1458 1779 octauum
1472 1724 1608 1783 Kalendas
1621 1728 1658 1785 Ιι

129 1832 252 1887 tutunus,
267 1818 366 1876 biems.
383 1819 460 1888 Quod
475 1804 540 1890 erpo
564 1826 672 1889 tempus
686 1818 804 1888 primum
822 1816 922 1873 iactum
974 1810 1061 1881 pimus
1081 1825 1142 1867 esse
1158 1822 1343 1869 consecratos.
1357 1813 1524 1884 Theophilus
1538 1816 1609 1875 dixit
1620 1818 1658 1879 :T

129 1912 158 1967 ia
172 1910 297 1968 mundol
313 1908 439 1982 Episcopi
454 1909 652 1980 responderunt
668 1927 675 1963 ι
690 1908 819 1965 vernum.
834 1907 925 1964 Theo·
975 1903 1047 1972 pium
1073 1917 1128 1958 uon
1152 1913 1194 1959 ιιι
1216 1912 1245 1959 ιι
1261 1906 1351 1974 passio
1374 1904 1525 1977 bomioiea,
1552 1916 1658 1967 tantun

129 2002 222 2075 philus
233 2004 377 2074 spiscopus
389 2003 457 2057 dixit
470 2018 478 2056 r
492 2000 609 2058 Probare
628 2000 700 2073 quod
719 2000 820 2057 dicitis.
838 2001 871 2055 Et
885 1999 924 2055 illi
974 1994 1057 2050 menti
1072 1992 1243 2065 mysterium,
1257 2007 1334 2051 extra
1350 1998 1464 2054 limitem
1479 2000 1658 2059 excludaturl

131 2093 347 2165 responderunt,
377 2094 513 2162 Scriptum
536 2101 580 2148 est
597 2092 760 2149 :Gerrrtinet
783 2102 853 2148 terra
872 2091 924 2147 leni
975 2088 1424 2158 namqueliominusabnndecimo
1436 2092 1616 2153 Kalendarum
1625 2092 1658 2171 ΑΙ

131 2186 242 2243 herbam
258 2186 409 2255 ,secundum
426 2199 512 2257 genus
532 2199 612 2241 suurn
636 2194 665 2242 et
689 2185 792 2255 lignum
806 2184 926 2242 hostile·
975 2194 1026 2249 nnn
1042 2188 1121 2235 rroete
1135 2194 1149 2234 ι
1163 2180 1262 2237 induit
1277 2183 1455 2249 traditorem,
1468 2196 1495 2242 ιι
1508 2201 1523 2240 ι
1544 2186 1658 2259 septimo

131 2291 203 2343 rum,
226 2276 315 2331 lenens
337 2274 453 2331 fructum
468 2291 557 2331 suurn.
574 2275 741 2331 llrecautem
760 2276 927 2346 temporibus
975 2269 1069 2324 derum
1095 2272 1253 2338 resurrexit,
1277 2274 1412 2344 utromodo
1438 2290 1503 2348 ergo
1529 2288 1585 2333 tres
1606 2276 1658 2337 dte

132 2368 206 2423 reris
221 2366 365 2437 accipitur.
382 2365 549 2438 Theophilus
568 2367 712 2437 episeopus
729 2366 817 2423 dixit:
831 2368 926 2439 laquo
977 2359 1121 2415 terminum
1144 2363 1343 2419 exerouuomrt
1361 2367 1462 2422 Omnes
1483 2368 1604 2441 episcopi
1621 2368 1658 2427 ιιι

132 2460 193 2515 loco
206 2466 288 2528 eaput
303 2458 397 2514 mundi
408 2471 471 2515 esse
484 2457 615 2514 creditisl
630 2457 659 2513 ln
675 2458 808 2529 principio
821 2468 926 2529 tempo·
976 2450 1053 2505 iiiiii·
1074 2454 1179 2509 ratione
1202 2454 1258 2510 ieri
1275 2456 1368 2521 dehet,
1389 2465 1417 2511 ut
1441 2468 1544 2514 tanturn
1568 2474 1658 2519 sacrm

132 2553 181 2622 ris,
198 2567 232 2607 an
247 2552 274 2607 in
290 2552 378 2607 medio
393 2560 524 2619 tempore,
546 2558 593 2605 aut
606 2550 633 2605 in
654 2549 726 2606 lanei
740 2549 865 2621 Episcopi
886 2566 926 2607 re
975 2548 1052 2596 0¹³²
1067 2540 1179 2598 limitem
1196 2544 1368 2612 θιθιιιιῑιι,
1385 2547 1434 2603 ⁸0¹¹
1450 2548 1478 2602 iii
1490 2557 1544 2605 ires
1556 2548 1658 2609 diesin

131 2640 298 2713 sponderunt
309 2659 316 2695 :
327 2642 355 2696 ln
367 2642 531 2711 aequinoctio
546 2650 642 2696 ortam
656 2640 837 2697 lialertdarhm
852 2641 927 2712 Apri·
977 2634 1081 2693 mittum
1096 2637 1267 2707 inducantur,
1283 2649 1311 2696 ιι
1329 2641 1364 2697 de
1377 2642 1471 2698 subter
1484 2643 1626 2703 retrahere
1641 2660 1658 2705 c

132 2734 211 2789 lium.
235 2732 401 2802 Theophilus
423 2731 567 2802 episcopus
593 2732 660 2787 dixit
681 2750 688 2785 ι
710 2732 825 2789 l'robate
853 2735 924 2804 quod
976 2740 1031 2785 tunt
1044 2730 1183 2805 estErgo
1203 2733 1291 2790 inilia
1314 2736 1417 2806 synodo
1431 2736 1465 2791 ab
1480 2736 1658 2797 undecimo!

130 2825 231 2881 dicitis.
249 2823 283 2880 Et
298 2824 336 2881 illi
349 2824 570 2894 responderunt:
585 2823 720 2895 Scriptum
732 2834 775 2881 ιιι
787 2825 849 2896 quia
863 2825 926 2882 lecit
975 2835 1035 2875 turn
1051 2820 1183 2889 Aprilium
1197 2837 1282 2893 usone
1297 2828 1324 2881 io
1337 2827 1479 2882 undecimo
1491 2827 1658 2889 Kalendarut

132 2915 205 2972 bens
224 2915 311 2971 lucem
336 2925 364 2970 et
385 2914 492 2971 vocarit
507 2914 578 2971 Deus
602 2914 688 2971 lucem
711 2916 794 2987 diem,
814 2926 842 2975 ιι
861 2917 923 2974 iecit
974 2928 1047 2981 rom,
1062 2914 1166 2970 Pascha
1181 2913 1282 2969 debent
1298 2928 1416 2980 servare,
1433 2927 1460 2971 ιι
1473 2932 1523 2974 nee
1536 2930 1600 2977 ante
1615 2936 1658 2979 ιιιι

129 3006 199 3063 heus
214 3009 351 3072 tenebras,
363 3017 389 3062 et
403 2990 511 3061 ¹tocattit
521 3008 647 3063 tenebras
662 3021 782 3076 noctem,
793 3018 821 3064 et
833 3007 925 3064 divisit
974 3005 1127 3076 cuicunque
1155 3005 1332 3061 constitutum
1356 3005 1470 3062 limitem
1499 3010 1655 3083 transgredi

17 3110 22 3119 ⁴
129 3101 198 3155 inter
213 3099 302 3155 lucem
322 3108 350 3154 ιι
371 3099 497 3154 ιιιιιιιιιι
521 3113 613 3169 aequas
635 3108 736 3169 partes.
755 3098 923 3171 Theophilus
936 3065 960 3128 c
975 3098 1107 3155 Similiter
1126 3108 1153 3154 ιι
1167 3099 1202 3154 de
1222 3098 1285 3154 lona
1306 3108 1468 3170 praeceptum
1491 3101 1616 3161 ditinum
1637 3112 1658 3163 ιι

129 3190 198 3247 dixit
212 3209 220 3245 :
232 3190 303 3247 Ecec
322 3192 356 3247 de
378 3190 423 3246 die
440 3191 483 3248 uel
503 3199 624 3262 tempore
639 3192 784 3263 probastis,
807 3193 841 3249 de
861 3195 923 3250 luha
975 3189 1126 3246 ilattdatum
1145 3200 1187 3246 est
1203 3204 1249 3259 per
1263 3190 1374 3262 lluysen
1388 3209 1394 3243 :
1410 3192 1451 3246 Sit
1465 3192 1543 3248 robis
1566 3192 1658 3253 obsecr

128 3283 283 3355 quidnobis
298 3284 425 3339 violetur?
451 3281 544 3341 Utrum
564 3295 733 3342 crescentem
755 3300 789 3342 ac
799 3286 855 3356 jam
867 3287 925 3357 ple-
974 3280 1183 3352 decimaquarta
1198 3282 1260 3337 luna
1285 3298 1368 3353 usque
1383 3298 1439 3339 ιιι.
1460 3283 1513 3339 llas
1527 3301 1593 3357 erpo
1608 3300 1658 3361 sep

128 3392 209 3446 rrum,
236 3391 270 3432 an
300 3377 468 3433 imminutam
495 3392 510 3432 a
537 3377 593 3434 lieo
617 3377 700 3435 luisse
724 3389 921 3435 consecratam.
975 3389 1024 3430 nas
1038 3373 1163 3432 similiter
1177 3378 1203 3430 in
1221 3374 1321 3431 Pascha
1338 3375 1454 3432 tenendo
1476 3376 1658 3437 constatiuist

128 3466 256 3538 Episcopi
285 3467 486 3538 responderunt
503 3484 510 3523 ι
528 3468 649 3524 Plenam.
673 3468 708 3524 Et
732 3469 778 3526 ille
789 3487 796 3524 ι
809 3469 925 3526 Ριοιιιι
974 3475 1077 3523 secrata
1090 3476 1164 3523 sunt.
1180 3467 1294 3536 Quando
1307 3481 1373 3540 ergo
1389 3466 1418 3522 dt
1435 3468 1504 3524 intra
1518 3484 1597 3525 suunt
1610 3470 1658 3529 litu

128 3559 198 3629 quod
216 3557 315 3613 dicitis.
339 3556 614 3627 ResponderunttEt
629 3557 761 3615 lecitduo
781 3559 923 3616 luminaria
975 3556 1118 3612 undecimo
1143 3556 1322 3612 Kalendarum
1351 3558 1476 3627 aprilium
1512 3575 1600 3630 usque
1632 3562 1658 3621 ιι

129 3664 235 3720 magna,
250 3658 279 3705 ιι
294 3650 384 3721 posuit
398 3663 430 3705 ea
455 3650 481 3704 io
503 3650 748 3709 hrrrtanteotoeoeli
765 3661 794 3708 nt
818 3653 926 3710 luceant
974 3648 1045 3703 eitun
1073 3647 1253 3704 Kalendarum
1279 3648 1423 3716 liniarum.
1456 3649 1515 3706 (lies
1545 3650 1658 3711 dominic

129 3756 211 3812 snper
241 3751 352 3796 terram.
382 3738 525 3797 [ruminare
553 3741 640 3812 nisius
671 3741 698 3797 in
726 3741 923 3800 inchoationem
975 3738 1036 3793 luna
1051 3752 1083 3794 ιι
1100 3740 1151 3794 illis
1164 3750 1258 3795 octaua
1273 3740 1450 3808 sanctificata,
1465 3740 1566 3796 Pascha
1589 3742 1658 3801 nobit

129 3832 192 3899 diei,
213 3830 345 3885 luminare
373 3831 460 3886 minus
481 3830 508 3886 in
533 3831 731 3888 inchoationem
751 3833 847 3902 noetis,
871 3849 924 3892 non
974 3843 1016 3889 ιιι
1043 3835 1193 3891 celebrare.
1220 3834 1313 3891 Omnis
1344 3835 1476 3904 paschalis
1500 3835 1562 3892 luna
1589 3836 1658 3911 cuju

131 3931 238 3992 poterat
252 3922 332 3977 aliter
346 3922 399 3977 nisi
412 3932 483 3978 esset
500 3924 590 3994 piena.
605 3923 681 3980 Nunc
695 3939 760 3996 erpo
779 3926 924 3997 investiga·
975 3926 1062 3980 aetatis
1078 3935 1129 3991 est,
1153 3926 1176 3980 si
1192 3925 1311 3982 detrahis
1336 3926 1368 3981 ab
1397 3941 1426 3981 ca
1440 3936 1554 3997 septem,
1578 3927 1658 3987 liettl

131 4014 218 4067 riorus
239 4012 375 4082 quomodo
391 4013 416 4066 in
433 4014 565 4084 principio
584 4015 672 4072 iaetus
693 4016 773 4073 luerit
795 4019 922 4087 mundus,
978 4016 1060 4083 luna,
1074 4031 1136 4086 qne
1148 4016 1178 4071 lit
1193 4018 1219 4071 io
1236 4016 1311 4071 initio
1327 4017 1549 4086 qrtadragesima.
1567 4016 1648 4077 vost

131 4106 157 4159 id
172 4114 224 4170 est,
235 4103 279 4160 die
295 4103 445 4160 horninico.
462 4105 553 4162 heroo
565 4115 685 4178 tempore
700 4111 727 4165 iu
748 4110 922 4183 equinoctio,
976 4107 1004 4162 si
1015 4106 1120 4161 decima
1133 4107 1224 4177 ortirua
1239 4107 1300 4162 luna
1315 4116 1356 4163 est
1373 4107 1516 4178 paschalis,
1531 4107 1597 4164 tolle
1609 4109 1645 4167 do

131 4194 203 4266 quud
224 4206 265 4251 est
287 4203 382 4251 octauo
396 4194 576 4252 Kalendarum
602 4200 746 4269 Aprilium,
762 4201 825 4257 luna
846 4202 923 4272 plena
976 4199 1028 4252 tim
1053 4197 1206 4263 duodecim.
1234 4207 1260 4252 0¹
1287 4207 1427 4253 remittent
1451 4208 1557 4253 ceolum
1579 4209 1610 4255 ei
1634 4216 1658 4259 tn

130 4301 177 4356 per
192 4286 278 4356 ipsum
295 4287 480 4342 tantummodo
505 4298 609 4358 tempos
632 4301 660 4346 et
680 4292 815 4349 elementa
835 4307 924 4348 resor-
977 4285 1068 4341 Tertia
1082 4296 1124 4343 est
1136 4287 1198 4342 luna
1212 4288 1238 4343 io
1254 4287 1330 4343 initio
1344 4289 1566 4359 quadragesimae,
1580 4304 1616 4346 eo
1630 4304 1659 4347 ιι

129 4387 204 4447 punt.
221 4377 387 4449 Theophilus
402 4377 468 4433 dixit
482 4379 577 4434 :Nunc
597 4381 676 4451 igitur
687 4383 821 4453 agendum
834 4395 875 4440 est
890 4385 923 4440 de
976 4378 1185 4449 decimaquinta
1200 4380 1261 4434 luna
1276 4387 1318 4435 est
1332 4380 1376 4435 die
1390 4380 1528 4436 Dominieo
1543 4381 1657 4439 Pascha

129 4471 317 4540 ordinatione,
348 4469 484 4538 quomodo
509 4470 657 4528 debeamus
689 4475 789 4544 pascha
817 4486 921 4534 tencre.
975 4486 1033 4531 tera
1059 4475 1193 4531 sinriliter.
1210 4476 1343 4534 Memento
1366 4477 1437 4548 quod
1461 4494 1532 4534 anno
1555 4481 1657 4539 bissext

128 4561 254 4631 Episcopi
272 4559 401 4616 dixerunt
412 4576 420 4616 ε
432 4558 558 4628 Nonouid
580 4570 671 4631 potest
693 4563 751 4619 dies
766 4564 923 4622 liominieos
974 4567 1115 4624 Februarii
1130 4569 1230 4623 mensis
1242 4569 1348 4639 triginta
1362 4569 1431 4636 dies,
1444 4581 1472 4627 ιι
1488 4581 1579 4629 tameo
1601 4572 1658 4631 luna

128 4653 271 4721 praeteriri,
295 4661 324 4709 ut
344 4652 371 4707 iu
386 4667 419 4709 eo
434 4651 536 4707 Pascha
561 4653 672 4711 minime
690 4655 856 4723 celebretur,
876 4659 922 4729 qrri
974 4659 1075 4713 ιιιιιιιι
1092 4659 1199 4729 trigssnta
1214 4657 1271 4714 dies
1292 4659 1398 4727 habeat,
1413 4662 1483 4716 sicut
1502 4677 1611 4733 semper
1624 4662 1658 4721 ha

131 4754 171 4799 tot
205 4753 233 4799 et
260 4743 357 4800 talibus
394 4742 628 4800 benedictionibus
654 4746 838 4804 sanctificatus
863 4749 923 4805 est?
975 4752 1105 4823 paschalis
1124 4755 1276 4810 honoratio
1292 4755 1406 4812 vacillet.

130 4834 294 4906 Theophilus
308 4835 376 4891 dixit
388 4853 394 4890 :
408 4834 493 4891 Dicite
507 4849 571 4907 ergo
587 4835 685 4906 quibus
694 4846 723 4894 ιι
737 4838 862 4910 qualibus
876 4840 923 4895 be-
1268 4848 1434 4905 aristosa
1450 4849 1482 4915 T,

131 4926 328 4983 nedictiooibus
351 4943 412 4984 eum
436 4942 497 4983 esse
516 4928 713 4986 sanctiticatam
737 4931 871 4998 asseritis,
895 4941 923 4986 ut
1287 4959 1320 4997 ,o
1335 4957 1432 4999 iccio,

130 5019 249 5075 scrihere
272 5022 416 5091 possimus.
443 5021 569 5091 Episcopi
595 5022 745 5080 dixerunt:
767 5023 857 5080 Prima
884 5024 922 5080 illi
1216 5032 1252 5087 lle
1266 5035 1392 5105 principio
1407 5033 1523 5092 Genesis.

130 5111 284 5167 benedictio
307 5121 359 5180 est,
374 5114 435 5182 quia
451 5114 478 5169 in
502 5114 560 5183 ipso
575 5115 695 5170 tenebre
718 5122 783 5171 sunt
800 5122 921 5177 remote,
1010 5124 1189 5181 Dilectissimo
1210 5141 1241 5183 ac
1255 5126 1492 5184 Revereodissimo
1507 5127 1596 5185 abbati
1607 5130 1658 5189 dor

128 5215 156 5260 ιι
175 5205 218 5260 ¹¹¹¹
234 5205 369 5274 ιιιιῐῑιῑῑ·
382 5204 505 5261 Secunda
521 5216 563 5263 eii
573 5206 611 5260 iiii
626 5206 792 5272 benedictio,
805 5206 875 5277 il¹¹⁰i¹
888 5205 923 5285 ᾷθ
973 5215 1098 5272 millimns
1112 5215 1271 5272 famulorum
1284 5217 1384 5272 Christi
1399 5219 1481 5285 Beda,
1495 5220 1633 5277 saluteml

128 5310 199 5355 terra
215 5296 325 5369 AEpypti
338 5297 411 5351 uelut
421 5296 455 5353 de
470 5299 588 5354 tenebris
600 5308 773 5369 peccatorum
786 5301 862 5371 quasi
873 5314 922 5370 per
1008 5306 1046 5363 he
1057 5307 1188 5378 principio
1201 5309 1261 5363 libri
1273 5308 1384 5365 Genesis
1399 5310 1425 5365 in
1436 5325 1489 5380 ouo
1500 5311 1591 5366 mundi
1603 5309 1658 5383 boh

128 5392 229 5448 totitem
245 5389 368 5461 baptismi
392 5403 439 5458 per
461 5402 536 5447 mare
555 5390 676 5450 liubrutu
698 5393 813 5463 populus
828 5392 921 5451 luisset
974 5399 1010 5454 tio
1023 5397 1158 5470 descripta
1173 5409 1223 5469 ιιι,
1239 5401 1316 5455 multi
1332 5401 1416 5455 multa
1431 5401 1535 5469 dixere,
1552 5400 1639 5459 multa
1653 5418 1658 5475 ι

128 5484 266 5540 liberatos.
282 5481 374 5538 Tertia
395 5482 433 5537 illi
455 5481 608 5538 benedictio
623 5492 677 5550 est,
699 5485 763 5554 quia
778 5486 806 5540 ia
824 5485 919 5541 eodem
972 5491 1072 5562 ingenii
1097 5494 1139 5548 soi
1171 5486 1337 5548 monimenta
1370 5495 1517 5565 reliquere,
1545 5495 1595 5553 sed
1619 5510 1658 5565 pn

127 5577 171 5628 dte
201 5575 319 5631 celestis
351 5574 429 5630 cibus
456 5589 555 5631 manna
583 5576 738 5633 hominihus
762 5579 839 5636 ιιιιιι
867 5588 918 5635 ιιι.
972 5591 1098 5651 quantum
1113 5594 1204 5639 nostra
1229 5585 1361 5653 pusillitas
1375 5585 1497 5644 ediscere
1522 5590 1627 5659 potuit,
1653 5590 1658 5647 l

127 5668 224 5730 Quarta
247 5666 291 5722 illa
314 5665 467 5724 bertedictio
481 5673 533 5734 est,
555 5680 608 5738 qua
633 5667 741 5745 lloyser
758 5669 870 5729 mandat
883 5673 917 5729 ad
972 5672 1156 5747 Caesariensis,
1182 5692 1261 5749 quem
1286 5679 1441 5738 Eustathius
1463 5682 1598 5754 interpres
1615 5682 1651 5743 de
