3802 6126
96 279 150 339 tta
496 273 641 357 Ι81111121.
664 274 828 335 1101111Ιῶ.
847 300 883 317 ·-
901 271 965 328 lle.
978 275 1020 367 Ji.
1048 276 1131 333 11011.
1151 274 1327 332 cellulum.
1362 285 1371 340 .’
1667 278 1722 339 ild

94 397 127 450 ln
139 393 186 450 dic
198 389 409 450 cirumcisionis
422 388 549 456 loannis,
567 390 673 460 quaado
687 396 715 445 et
728 402 825 444 nomen
839 401 885 440 re·
899 386 924 444 t
938 387 981 440 tici
997 386 1085 455 hrains,
1101 385 1173 457 quod
1192 385 1228 441 olt
1251 385 1373 440 notitiam
1386 382 1467 441 simol
1490 393 1518 440 et
1540 384 1719 453 prolixitatem

93 486 184 557 oepti:
903 459 908 482 ²
935 478 976 532 sui
999 486 1082 533 tetram
1106 477 1230 533 charitati
1244 485 1339 532 restrae
1362 489 1505 532 recensere
1528 484 1556 530 et
1577 476 1720 545 explanare

134 573 234 631 Pactu
243 583 280 630 ert
291 575 368 628 timor
377 589 456 643 anper
465 573 654 627 omnerniciaor
665 587 760 639 mmm,
773 580 797 625 et
810 587 886 639 snper
936 570 1041 637 longum
1056 570 1189 634 duximus,
1203 577 1294 636 aperte
1307 567 1455 633 denuntiat,
1468 567 1579 623 diceus:

95 668 185 723 mia
195 664 422 721 mteneindoeoe
433 663 628 734 divulgabantur
639 663 723 717 omnia
733 665 809 715 aeria
818 661 884 715 inc.
976 659 1088 715 Visitoait
1104 677 1149 714 ιιοι
1159 659 1242 715 oriens
1255 676 1287 722 cn
1299 659 1363 725 alto,
1376 658 1525 713 illuminare
1538 659 1578 712 lrir
1590 659 1633 728 ptri
1646 661 1673 712 ιιι
1683 668 1722 711 te-

96 759 184 815 l’orro
196 759 223 813 in
235 767 355 826 tempore
364 755 511 811 dominicae
522 753 736 818 resurrectionis,
748 752 792 807 ani
804 753 885 805 misso
900 778 903 782 ⁴
935 751 1018 806 neirir
1031 759 1055 806 et
1068 752 1096 806 ιἰι
1109 751 1199 805 ambra
1215 751 1304 806 martia
1316 752 1417 814 sedent.
1431 750 1466 804 ad
1485 749 1631 820 dirigendos
1645 750 1721 817 pedes

94 849 214 917 deteper
236 846 338 916 Spiritu
360 844 444 915 glorie
466 842 580 897 nemltris
599 843 656 911 eius
678 857 726 911 per
749 843 884 911 apostolos
934 853 1033 895 nastros
1046 842 1073 895 in
1092 842 1157 896 niam
1178 840 1260 910 pacit.
1284 841 1387 896 lotenit
1410 854 1475 910 ergo
1489 854 1539 895 nos
1552 839 1678 897 sedentes
1692 844 1719 896 ln

95 940 198 995 mundo
218 936 353 1000 innotuit,
375 935 457 989 timor
474 933 601 989 continue
619 933 809 988 salulterrlmus
830 946 883 985 uon
934 930 1049 985 tenebris
1063 939 1091 986 et
1108 930 1135 985 in
1158 931 1249 985 ornbra
1266 931 1373 994 mortis,
1395 929 1446 984 lroc
1459 938 1513 994 est,
1530 929 1719 999 longapeeca·

93 1031 186 1086 selem
200 1029 354 1085 ludaorntu
366 1026 411 1096 ptri
425 1034 502 1081 erant
524 1024 604 1078 ticini
628 1022 667 1078 rel
690 1024 743 1076 situ
763 1021 884 1078 videlicut
934 1030 1020 1075 torum
1035 1030 1062 1075 et
1072 1018 1227 1089 ignorantiae
1239 1019 1362 1075 caecitate
1375 1019 1530 1089 depressos.
1543 1030 1623 1090 atque
1636 1020 1720 1076 laostis

94 1122 162 1187 loci,
175 1121 218 1175 rel
232 1119 344 1174 scientia
366 1116 443 1187 legis,
468 1113 516 1170 sed
538 1123 564 1169 et
585 1123 736 1168 exterarum
751 1127 835 1181 usqne
850 1111 882 1166 ad
932 1111 1033 1180 antiqui
1049 1112 1142 1168 lrande
1155 1112 1284 1180 deceptos
1299 1112 1476 1181 ‹insessosqne
1491 1112 1639 1168 erroribus.
1658 1113 1717 1181 lpse

94 1215 167 1267 ines
187 1221 267 1266 terrae
289 1208 407 1280 gentium
431 1206 512 1262 corda
536 1205 680 1261 corrcrrssit.
705 1203 759 1258 Nec
779 1211 882 1258 tantum
933 1203 1032 1258 etenim
1048 1213 1121 1258 recte
1135 1217 1209 1257 mors
1222 1211 1250 1258 et
1264 1201 1442 1267 urerrdacinrn,
1455 1204 1523 1257 sicut
1535 1211 1652 1259 econtra
1668 1203 1719 1256 lio·

92 1310 222 1356 monuna
236 1308 332 1353 cuncta
347 1296 454 1361 tutan,
464 1310 555 1351 uerum
567 1293 745 1350 etiumornnia
758 1293 882 1348 mundani
933 1294 1023 1349 minus
1037 1294 1138 1349 veritas
1153 1305 1262 1349 iocatur
1283 1304 1310 1347 et
1328 1294 1393 1348 uita.
1417 1294 1513 1348 Attulit
1530 1305 1620 1350 nutem
1643 1296 1720 1351 nolrit

93 1390 173 1461 regni
186 1389 384 1456 mundanaeque
404 1385 542 1453 rapientia
564 1385 680 1439 culmina
701 1382 805 1436 uirtutis
823 1380 883 1452 ejus
933 1399 1023 1439 reram
1036 1384 1198 1454 cognitionis
1210 1399 1265 1439 stam
1284 1384 1394 1449 lucem,
1417 1383 1586 1455 exclusisque
1595 1402 1718 1442 errorum

94 1480 166 1535 iuuit
182 1479 365 1542 “emolliit
389 1477 426 1532 iit
450 1486 479 1530 lli
502 1475 594 1530 relicta
609 1472 707 1541 ultique
725 1471 832 1527 cultura
851 1486 882 1526 ae
933 1476 1051 1531 tenebris
1066 1487 1169 1531 certum
1185 1476 1262 1531 nobis
1275 1475 1326 1531 lter
1346 1475 1439 1544 petrin
1459 1475 1577 1532 otomatis
1595 1478 1718 1544 aperuit:

94 1571 149 1622 rita
164 1567 247 1637 priori
261 1566 294 1621 ad
310 1564 480 1636 percipienda
492 1563 553 1618 idei
564 1564 636 1619 illius
645 1570 811 1618 sacramenta
822 1575 883 1616 con-
932 1566 1030 1621 direxit
1053 1582 1161 1637 gressus
1187 1580 1299 1636 opernm
1324 1575 1496 1631 uestrorum,
1521 1577 1653 1637 quintius
1673 1583 1720 1638 per

95 1660 220 1714 linerent.
236 1656 318 1712 liecte
331 1656 430 1712 eterrinr
442 1653 651 1710 circumcisionis
661 1653 719 1708 dies
733 1650 787 1722 [dl.
801 1691 810 1716 .
829 1652 881 1706 eir·
933 1657 1003 1711 riam
1016 1654 1147 1724 veritatis,
1159 1671 1237 1724 guam
1254 1656 1414 1727 monstrarit
1430 1655 1574 1724 incedere,
1594 1669 1673 1729 atque
1687 1659 1719 1713 ad

95 1748 233 1820 succisio]
243 1748 388 1803 dominice
398 1745 602 1803 resurrectionis
614 1745 756 1814 imaginent
763 1745 882 1814 praelert,
897 1725 922 1786 Β
934 1748 1099 1802 mansionem
1119 1757 1255 1816 perpetuae
1272 1746 1344 1815 pacis
1358 1745 1494 1817 possimus
1507 1748 1617 1814 intrare,
1640 1764 1719 1816 quarn

95 1840 156 1911 quia
171 1850 199 1893 et
211 1839 268 1894 ime
281 1849 375 1893 octara
390 1837 445 1902 die,
460 1837 564 1924 lanceat
578 1843 640 1905 post
651 1834 802 1901 minatam,
814 1835 882 1889 lacta
934 1835 1133 1907 promisitllaee
1143 1837 1224 1906 igitur
1233 1836 1315 1904 detta,
1325 1836 1421 1893 iratres
1428 1836 1721 1907 clarissimisupemae

96 1937 158 1992 αις
181 1926 293 1983 etticot
307 1925 351 1980 illa
367 1940 383 1978 a
397 1933 470 1980 reatu
491 1932 625 1994 perpetuae
639 1924 732 1979 mortis
744 1923 883 1980 absoluere
933 1926 1071 1996 bonitatis,
1084 1928 1141 1984 lraec
1156 1936 1317 1983 aeternorum
1330 1927 1462 1983 donorum
1479 1930 1720 1997 pmmiesalralren·

94 2018 209 2082 aetenae,
221 2017 258 2073 ita
274 2019 325 2073 ista
339 2016 483 2086 perlectam
494 2015 555 2072 rite
567 2015 725 2071 immortalis
737 2016 882 2072 noriutem
933 2028 983 2085 tes,
997 2019 1185 2075 benedicamus
1199 2029 1287 2076 eteoa
1303 2019 1442 2074 ὓοιιιίιιιιιιι
1457 2018 1482 2074 in
1497 2021 1570 2075 omni
1585 2030 1717 2091 tempere,

95 2121 122 2167 et
134 2110 161 2166 ia
176 2119 287 2164 auctore
300 2117 392 2164 caestre
406 2106 539 2173 etiilmit,
550 2114 578 2161 et
592 2106 617 2160 in
633 2105 709 2160 uolris
723 2105 881 2172 onerandam
932 2109 993 2180 qnia
1007 2107 1122 2164 visitarit
1133 2117 1160 2165 et
1170 2107 1234 2165 lecit
1243 2108 1455 2179 redemptionem
1468 2109 1553 2179 plebis
1562 2124 1630 2168 suae.
1641 2113 1719 2169 Sem·

95 2201 262 2256 monstrant.
278 2197 356 2267 Quod
369 2212 434 2252 reru
448 2196 519 2252 irater
534 2194 590 2251 linc
600 2194 743 2250 zacharias
758 2193 882 2264 impletur
933 2214 980 2269 per
992 2199 1050 2267 lam
1063 2197 1123 2269 eius
1138 2200 1164 2255 in
1178 2214 1226 2256 ore
1242 2208 1335 2256 nostro
1350 2208 1483 2270 versetur,
1503 2214 1610 2270 semper
1622 2203 1680 2272 eius
1691 2213 1720 2260 et

94 2293 195 2363 Spiritu
216 2301 331 2356 sancto,
346 2304 378 2345 ac
395 2289 430 2345 de
449 2287 629 2357 Redemptore
652 2287 833 2342 nestrosimul
855 2294 883 2342 et
932 2289 1089 2345 memoriam
1105 2289 1288 2353 retineamus,
1314 2297 1342 2344 et
1360 2289 1385 2344 in
1400 2289 1515 2346 invicem
1530 2293 1720 2350 annuntiemus

94 2389 188 2439 matra
202 2379 387 2449 redemptione
398 2377 548 2448 prophetat,
559 2375 691 2447 signifieat
700 2376 811 2448 mystice
820 2375 881 2445 quia
932 2379 1043 2435 virtutes
1058 2377 1118 2452 [nt.
1133 2379 1195 2433 add.
1208 2376 1297 2450 ejns1,
1309 2379 1354 2450 qui
1369 2379 1405 2435 de
1418 2379 1536 2436 tenebris
1555 2397 1605 2438 nos
1616 2386 1721 2440 romrit

94 2475 221 2531 moltitie
234 2473 314 2540 stirpe
329 2471 498 2535 sacerdotali,
514 2471 559 2541 qui
574 2486 589 2524 a
602 2468 770 2525 confessione
784 2466 881 2523 Christi
931 2469 960 2524 in
974 2468 1130 2525 admirabile
1144 2468 1234 2524 lumen
1247 2483 1335 2526 suum.
1349 2469 1415 2538 Eius
1429 2471 1555 2527 continue
1570 2471 1720 2543 flagitemus

94 2566 197 2622 dianna
209 2578 254 2619 ora
272 2565 471 2626 continuerant,
487 2560 653 2631 postmodum
669 2574 716 2628 per
730 2557 883 2628 susceptio·
932 2561 1071 2627 auxilium,
1087 2569 1117 2616 ut
1131 2560 1219 2616 lucem
1233 2561 1352 2617 scientiae
1370 2575 1452 2631 quam
1466 2563 1578 2618 eorrtulit
1597 2565 1624 2619 in
1643 2565 1721 2621 nabis

93 2673 160 2714 nem
174 2656 235 2712 idei
249 2655 318 2712 illius
332 2654 448 2723 Spiritus
458 2653 544 2708 sancti
557 2653 654 2708 uirtute
666 2648 799 2719 replendi,
810 2649 885 2709 dono,
932 2651 989 2720 ipse
1003 2660 1248 2722 eeumrrenatqae
1261 2653 1295 2708 ad
1311 2652 1457 2722 perlectum
1472 2669 1557 2725 osone
1570 2656 1642 2712 diem
1660 2673 1719 2726 per·

95 2747 242 2817 prophetia
253 2742 429 2810 sublimandi,
442 2751 470 2798 et
481 2742 626 2812 magisterii
640 2737 780 2810 pastoralis
793 2739 882 2796 cruda
932 2742 1022 2798 ducat.
1040 2743 1075 2798 lit
1085 2753 1115 2798 nt
1125 2744 1200 2815 digni
1212 2745 1296 2801 sitnm
1309 2745 1427 2801 exaudiri
1444 2757 1595 2815 precantes,
1611 2750 1721 2820 ιιιιῚοιι-Δ

93 2835 197 2906 populis
207 2842 300 2890 esseut
311 2830 479 2900 psalerendi.
488 2829 611 2896 Quanrria
622 2828 716 2885 eadem
728 2829 882 2899 acceptione
932 2847 991 2888 ritus
1003 2833 1054 2902 ipsi
1068 2849 1151 2904 opera
1166 2835 1356 2906 tenebrarum,
1380 2846 1409 2893 et
1426 2837 1570 2895 induamus
1585 2854 1633 2895 aot
1647 2856 1721 2896 arma

93 2925 200 2994 spiritus
210 2932 238 2978 et
248 2921 388 2993 prophetia
400 2919 537 2974 Zachariae
549 2917 600 2974 lroc
611 2931 716 2990 quoque
725 2917 883 2974 convenieu·
933 2921 1008 2978 lucis.
1022 2921 1067 2980 Sic
1080 2925 1181 2981 etenim
1194 2926 1375 2997 supplicantes
1389 2929 1494 2984 concite
1509 2944 1569 3000 quat
1582 2929 1722 2988 desidera·

48 3041 51 3046 ·
93 3025 133 3070 ter
146 3012 258 3084 ligorari
271 3011 434 3067 credendum
446 3016 497 3076 est,
511 3010 571 3081 quia
583 3017 646 3065 tone
654 3008 767 3066 instaret
776 3017 881 3079 tempus
934 3028 992 3070 mue
1007 3015 1163 3085 accipimur,
1175 3017 1237 3088 quia
1248 3019 1373 3077 nimirum
1384 3021 1465 3077 rerba
1475 3021 1573 3078 divinae
1586 3024 1719 3079 orationis

93 3103 277 3174 qrroildeliltus
287 3103 449 3171 panderetur
458 3115 551 3158 omues
562 3099 655 3170 legalis
663 3100 805 3158 sacerdotii
814 3063 918 3158 ritas⁰
933 3105 1042 3176 adjurat
1054 3121 1150 3164 manus
1170 3110 1222 3179 piae
1243 3111 1416 3180 operationis.
1441 3112 1474 3169 Ει
1487 3115 1548 3184 quia
1566 3115 1634 3171 beati
1649 3131 1718 3185 pra·

93 3209 119 3252 ιι
130 3197 306 3253 ceremonias
319 3195 448 3265 spirituali
460 3195 533 3252 intus
551 3194 661 3251 scientia
677 3204 704 3252 et
716 3196 884 3266 propheticis
934 3200 1053 3255 emnerii
1068 3199 1147 3257 lodie
1159 3202 1280 3259 natalitia
1290 3202 1468 3273 celebramus,
1482 3216 1586 3276 oportet
1597 3216 1626 3264 ut
1637 3224 1717 3278 poem

94 3288 244 3344 exuberare
257 3287 401 3358 mysteriis,
414 3302 473 3357 ottae
484 3287 637 3344 mediatoris
648 3286 695 3343 liei
706 3286 883 3344 etlraminum
932 3288 1025 3344 salutis
1038 3299 1147 3348 aterne
1161 3306 1311 3362 praeconem
1333 3297 1520 3363 suscepimus,
1544 3296 1615 3354 lrnuc
1638 3299 1719 3356 etiam

94 3379 210 3434 hominia
223 3376 288 3433 lesu
301 3375 402 3433 citrini
416 3378 459 3433 rel
472 3376 671 3447 dispensatione
686 3378 760 3451 let..
774 3379 883 3451 dispeu-
932 3392 1031 3440 nmtrae
1043 3383 1174 3440 orationis
1185 3384 1333 3456 adjutorem
1346 3402 1515 3458 caeremon
1531 3388 1619 3457 ipsum
1633 3390 1721 3460 itaque

95 3471 202 3544 udoni]
214 3471 383 3540 temporariae
390 3471 549 3530 velaternae
559 3473 689 3528 divinitati
701 3473 881 3531 testimoninm
932 3473 1123 3531 intercedendo
1137 3488 1263 3544 rogemus
1277 3476 1432 3546 impetrare,
1453 3486 1482 3534 ut
1495 3478 1528 3534 ad
1544 3494 1604 3533 enm
1619 3481 1662 3535 cui
1677 3490 1717 3535 te-

94 3562 213 3628 ierrent,
236 3561 314 3633 juxta
329 3562 399 3632 quod
418 3562 475 3632 ipsc
494 3563 646 3620 iudeorum
661 3563 786 3620 duritiam
799 3565 883 3622 incre-
931 3565 1085 3621 stimonium
1101 3565 1249 3637 perhibuit,
1262 3567 1360 3635 lucem,
1373 3568 1493 3624 vitamet
1506 3569 1644 3624 veritatem
1660 3585 1720 3637 per·

93 3667 169 3722 pana,
182 3652 264 3707 dicit:
280 3652 460 3707 steininen
476 3652 570 3724 liegii,
591 3655 724 3710 crederem
734 3656 844 3725 [amon
857 3666 883 3713 ct
932 3654 1023 3711 tenire
1032 3669 1184 3712 mereamur
1194 3656 1286 3713 iesum
1297 3654 1431 3713 Christum
1445 3658 1586 3713 Dominum
1599 3669 1719 3714 nostrum

94 3743 165 3800 niti.
180 3743 218 3798 lie
233 3761 272 3798 mc
286 3743 353 3798 ειιὶιιι
367 3743 409 3797 iile
423 3745 523 3813 acriprit
537 3744 632 3814 (laert.
648 3747 690 3818 r).
709 3746 777 3813 Quid
790 3757 881 3804 autem
931 3746 976 3816 qui
992 3745 1054 3804 ririt
1065 3755 1093 3804 et
1107 3756 1200 3819 regnat
1214 3763 1274 3804 cum
1288 3749 1367 3805 l’atre
1381 3750 1407 3805 in
1422 3751 1522 3808 nnimte
1531 3750 1646 3821 Spiritus
1656 3766 1719 3810 sae·

94 3835 274 3905 proplietam.
293 3844 322 3891 et
335 3835 494 3892 benedicens
512 3836 754 3896 lieumZacltarias
768 3839 880 3912 dixerit,
930 3838 978 3908 eti,
992 3847 1046 3895 etc.
1097 3845 1100 3847 ’

94 3928 242 4026 'ilidii
371 4017 377 4028 ,
1223 3956 1362 4013 nonum
1381 3956 1438 4012 xv.

126 4016 282 4072 manicam
301 4013 426 4071 Dominae
442 4017 510 4074 liena
531 4018 614 4076 isreel
624 4061 633 4089 ‚
653 4023 713 4092 gaia
733 4026 843 4081 visitanti
855 4037 882 4082 et

94 4111 151 4178 {eit
166 4109 881 4184 redeaaptioaempleiirsnmlnqailrusprolectover·
1657 4181 1660 4186 ,

93 4200 131 4254 bis
145 4199 294 4255 notandum
308 4198 368 4269 qrria
383 4197 474 4254 beatrrs
486 4199 713 4272 Zaclrarianpuod
727 4207 880 4264 inchoatum
930 4176 1075 4234 10111111·
1099 4175 1132 4231 11
1145 4176 1191 4260 m?
1212 4187 1325 4260 11111111
1344 4178 1409 4232 dim
1428 4178 1503 4260 1111*
1517 4176 1579 4231 1111
1581 4195 1595 4231 ⁰
1610 4196 1616 4233 ²
1633 4179 1721 4233 3¹²¹¹⁰'⁸

93 4298 116 4343 et
131 4287 254 4356 proxime
268 4287 385 4341 laturum
399 4289 424 4341 in
436 4288 530 4358 spiritu
543 4291 712 4359 praeciderat,
724 4296 881 4365 prophetico
1081 4245 1201 4317 ΜΝ*
1216 4248 1303 4320 ’ΜΨ
1315 4263 1354 4302 ’Μ
1368 4247 1427 4317 ΡΜ
1442 4248 1480 4300 'm
1491 4248 1504 4300 1
1514 4257 1565 4302 Μ’

92 4390 167 4431 more
180 4374 257 4445 quasi
270 4373 325 4443 iam
340 4374 436 4430 lactum
450 4391 510 4432 csse
524 4379 659 4434 narrabat.
674 4380 797 4439 vicinante
808 4386 879 4442 enim
895 4413 922 4475 D
969 4376 1098 4433 Virtutem
1110 4376 1188 4433 nabis
1198 4375 1324 4447 perlectae
1335 4374 1485 4431 dilectionis
1499 4389 1616 4444 presens
1629 4379 1713 4431 sancti

92 4481 141 4522 uos
152 4479 289 4535 apparens
302 4464 330 4518 in
343 4479 425 4520 carne
444 4464 589 4536 dominus,
613 4470 688 4540 qnasi
705 4471 837 4543 louginsn
852 4491 882 4533 se
936 4466 1071 4538 Evangelii
1084 4467 1163 4524 lectio
1177 4465 1356 4523 conmmendat.
1370 4465 1491 4522 Perlecto
1504 4466 1601 4522 etenim
1612 4466 1721 4520 dilectio

92 4555 511 4625 recedentes‚quosiopcccatis
523 4561 884 4637 positosquaerereetJnsri.
935 4568 1047 4629 nequa
1060 4558 1184 4613 lieumet
1198 4557 1354 4625 totocorde,
1366 4565 1419 4612 toto
1430 4557 1532 4621 anima.
1547 4565 1600 4611 tota
1613 4556 1720 4622 virtute,
1790 4621 1794 4630 Ι

92 4651 175 4705 litare
189 4648 303 4703 curauit.
326 4647 447 4704 visitarit
460 4652 538 4720 quasi
559 4654 678 4710 medicus
699 4668 825 4727 egrotos,
839 4663 884 4731 qui
935 4649 1085 4719 limximum
1100 4657 1188 4702 ³⁰¹0¹¹¹
1205 4656 1333 4716 13111111ῐῦ
1354 4645 1721 4714 η(1111111111103111111119111·

94 4748 121 4794 ti
135 4740 315 4795 iuteoetaluttt
331 4743 464 4807 superbia]
484 4749 582 4798 nostran
595 4744 747 4813 languorem
764 4760 882 4815 sanaret,
935 4741 1038 4796 bemnr.
1069 4739 1102 4793 Et
1125 4748 1219 4793 neutra
1244 4738 1339 4792 irarum
1361 4736 1469 4791 dilectio
1483 4737 1541 4790 sine
1555 4737 1638 4790 altera
1654 4736 1722 4791 tolet

92 4843 191 4884 uorum
215 4829 294 4885 nobis
316 4843 373 4885 sue
398 4831 556 4888 hunrilitatis
577 4838 729 4905 exemplum
751 4838 882 4897 appinge,
935 4843 995 4884 esse
1011 4828 1276 4898 periermeniae
1294 4826 1363 4880 Dens
1377 4840 1441 4880 vere
1452 4825 1511 4880 sine
1523 4825 1656 4896 proriam,
1672 4844 1719 4882 nec

92 4918 166 4976 fecit
178 4918 392 4989 redemptionem
405 4921 491 4990 plebis
503 4937 570 4990 sum,
590 4923 634 4994 qni
648 4940 700 4982 nos
718 4930 884 4986 venundato,
935 4919 993 4973 sine
1007 4919 1062 4973 lieo
1078 4933 1140 4974 rere
1156 4925 1244 4985 potest
1259 4915 1396 4985 protimus
1414 4919 1511 4972 amari.
1539 4917 1614 4974 Unde
1630 4918 1720 4972 ιιοιιιι-

91 5010 141 5068 ιιδ
152 5021 276 5081 peceato,
291 5019 318 5066 et
332 5011 433 5082 antiqui
447 5013 533 5069 hostis
548 5017 656 5071 seruitia
669 5017 801 5084 addictos,
820 5020 884 5078 dato
935 5026 984 5067 uns
1002 5010 1081 5066 toties
1093 5011 1258 5080 interrogato
1272 5008 1365 5076 Petro,
1383 5023 1417 5065 au
1432 5026 1462 5066 ee
1473 5010 1616 5082 diligeret,
1632 5021 1659 5065 et
1675 5011 1722 5065 illa

91 5103 131 5156 stri
144 5100 285 5170 sanguinis
298 5100 384 5170 pretio
396 5101 529 5157 liberarit.
543 5102 618 5159 liade
632 5104 748 5178 benigue
762 5122 812 5163 uos
826 5109 885 5164 lrnr·
934 5099 1132 5170 respondeum»
1144 5097 1215 5170 guod
1233 5115 1293 5154 eum
1309 5099 1368 5169 ipso
1381 5109 1452 5156 teste
1465 5100 1603 5172 11111011,
1622 5101 1723 5172 adilin-

91 5204 161 5250 tatur
176 5193 332 5264 epasmtm,
356 5191 469 5247 dicens:
493 5191 581 5261 linrpri
594 5196 654 5249 ertia
673 5198 755 5267 pretia
778 5216 881 5270 carogna,
934 5192 1011 5263 gebat
1026 5206 1073 5260 per
1086 5190 1208 5262 singula,
1230 5190 1267 5246 ita
1281 5190 1461 5247 concludens:
1478 5189 1559 5246 Posse
1572 5209 1632 5247 oves
1643 5209 1722 5257 medi·

91 5282 232 5354 glorificate
242 5293 267 5336 et
278 5288 377 5351 peitate
389 5279 468 5335 Deum
479 5282 506 5336 in
516 5299 621 5354 corpore
631 5295 711 5339 oestro
725 5285 752 5357 (1
764 5287 824 5343 Cor.
833 5292 881 5359 tul.
933 5284 990 5339 site
1002 5282 1056 5353 [dl.
1069 5283 1132 5336 edd.
1148 5279 1242 5353 Pasce]
1256 5296 1336 5352 ugnos
1350 5297 1432 5337 areos.
1454 5283 1529 5339 desi
1543 5291 1637 5352 aperte
1650 5283 1721 5338 dice·

93 5373 183 5429 Plebis
197 5386 289 5429 antem
307 5388 363 5426 suae
378 5372 462 5438 dicit,
490 5374 542 5429 nort
566 5377 657 5444 utique
679 5393 758 5446 quam
773 5382 882 5436 sentiens
909 5422 917 5434 ,
933 5382 994 5427 ret:
1010 5372 1071 5427 llaec
1085 5371 1141 5426 sola
1154 5378 1182 5427 et
1196 5386 1260 5426 vern
1280 5380 1322 5427 est
1342 5370 1467 5441 probatio
1483 5370 1577 5442 integri
1593 5373 1619 5426 io
1637 5372 1721 5427 iteam

94 5466 196 5530 plebem
211 5479 289 5519 snam
303 5464 424 5530 reperit,
445 5461 493 5519 sed
516 5480 596 5531 unam
614 5465 747 5522 visitando
766 5481 792 5524 ei
807 5471 882 5528 pent.
933 5465 1042 5532 amittis,
1054 5465 1076 5519 si
1090 5478 1152 5534 erga
1163 5464 1259 5520 iratres
1269 5463 1402 5519 studueris
1413 5479 1505 5519 curam
1516 5463 1623 5518 solliciti
1634 5478 1718 5519 exer·

93 5554 278 5610 invadendam
291 5552 460 5609 iecittuttts
474 5556 572 5609 etenim
587 5557 690 5626 audire,
707 5558 801 5616 iratres
816 5563 886 5631 mei,‚
933 5573 994 5613 cere
1017 5557 1125 5611 laboris.
1152 5554 1218 5610 Nam
1243 5554 1394 5624 quicunque
1417 5552 1492 5609 fratri
1515 5567 1583 5623 opus
1610 5553 1720 5622 pietatis

94 5647 198 5715 qualem
211 5647 345 5703 inreucrit
359 5661 428 5710 eom,
443 5646 546 5716 qualem
561 5649 716 5708 reddiderit.
730 5653 804 5712 linis
818 5670 880 5712 cau·
934 5651 1004 5718 quod
1021 5651 1091 5708 talct
1105 5648 1259 5721 impendere
1274 5649 1401 5719 negligit,
1415 5646 1503 5704 tninns
1514 5646 1588 5716 iusto
1603 5662 1633 5705 se
1649 5648 1718 5704 Corr-

952 4080 1087 4123 1111101111
1104 4081 1244 4124 uenienti!
1259 4083 1448 4126 ttotuotnnntt
1465 4084 1541 4125 estet
1557 4086 1590 4125 tit
1606 4085 1694 4124 l’ttttt.
