3802 6126
192 261 233 322 17
549 266 652 325 11111113
673 266 897 324 isusnsullds
915 265 989 322 OPP.
1011 265 1099 323 ruiis
1119 265 1164 322 lll.
1184 295 1220 312 a·
1239 263 1477 323 PARAENETiCA.
1795 266 1830 322 tlt

197 383 275 433 ironico
300 377 344 440 nui
368 377 444 442 eicit,
469 385 492 431 ιι
525 395 576 433 uon
603 381 693 433 uidebit
721 381 848 433 ntorum?
874 378 1023 458 (Psalmq
1043 378 1164 434 iectionis
1177 380 1324 450 obsequiis,
1341 381 1448 448 insuper
1463 387 1490 433 et
1503 392 1587 449 usque
1601 379 1632 433 ad
1648 388 1762 436 moriem
1781 397 1830 451 pro

199 465 341 538 isurun.)
358 467 454 523 sedita
466 467 554 536 potins
569 467 770 537 intelligendum
784 469 865 536 quod,
879 469 984 524 ceteris
1034 466 1134 535 justitia
1162 468 1289 523 certando
1312 467 1379 539 [di.,
1405 466 1587 538 decertandol.
1612 467 1829 541 Caruemplaura

195 561 296 616 curisti
312 559 450 629 discipulis
465 574 511 628 pcc
528 563 678 628 passionem
702 561 904 626 consummaris,
929 564 984 631 ipsc
1034 569 1122 612 aulem
1135 558 1187 612 vita
1201 565 1252 623 εει,
1267 573 1326 613 cum
1341 559 1421 628 longo
1434 557 1495 628 quis
1510 558 1587 612 bonae
1613 559 1727 614 actionis
1751 575 1829 616 crer-

195 654 222 706 iu
240 666 305 720 paca
319 652 446 707 Ecclesia
459 652 601 706 aduentum
618 651 765 707 vocationis
779 654 982 723 exspectaverit.
1034 648 1097 703 citio
1110 649 1232 717 edoctus,
1244 648 1353 703 diutiucc
1367 647 1498 704 orationis
1509 648 1652 705 dulcedine
1671 650 1827 717 instructus,

196 744 229 798 El
253 744 304 798 icoc
315 751 356 798 εει
367 743 437 810 quod
454 743 491 797 ait
506 742 632 797 Dominus
647 762 653 796 :
668 743 713 798 Sic
732 760 788 797 eum
806 745 863 798 nolo
882 759 984 799 mcum
1034 737 1128 792 erebra
1140 739 1318 810 lacrymarum
1331 741 1535 807 compunctione
1546 739 1721 807 assuefactus,
1734 756 1748 795 a
1760 757 1828 797 corr·

196 839 277 888 ιιειιεε
299 835 407 898 ccninm,
434 848 485 886 non
509 834 570 901 quia
597 849 649 889 riou
661 845 687 889 ει
701 835 758 904 ipse
785 838 882 890 rriultos
905 845 982 892 antea

197 926 302 980 iabores
311 940 357 994 pro
365 924 477 978 licutino
485 937 676 992 pressurasque
684 925 813 979 rrraiornm
820 926 981 992 desiccaverit,

195 1017 242 1068 scd
257 1016 319 1083 qnia
334 1013 455 1068 ultimum
469 1014 495 1068 iu
509 1027 574 1081 pace
588 1015 691 1068 serrium
707 1013 814 1082 linierit,
828 1023 919 1085 utpote
931 1015 981 1070 Εε-

193 1106 283 1160 clesiis
307 1103 406 1159 Cirristi
431 1118 479 1173 per
501 1105 589 1158 Asiam
618 1120 697 1174 qnam
716 1106 823 1175 regebat
835 1106 889 1174 jarn
904 1106 982 1175 louge

193 1198 299 1265 lateque
312 1195 439 1250 incidatis.
452 1194 516 1249 Nam
527 1204 554 1249 et
568 1197 593 1248 in
606 1196 715 1250 Actibus
726 1196 906 1264 apostolorum
921 1211 982 1250 com

193 1286 298 1341 ceteris
312 1286 440 1355 apostolis
456 1286 602 1354 flagellatus
618 1286 760 1352 invenitur,
778 1286 884 1356 quaudo
908 1287 982 1340 ibant

192 1378 337 1446 gaudentes
351 1392 365 1431 a
380 1390 523 1447 conspecto
539 1376 656 1444 conscilii,
671 1377 796 1448 quoniam
807 1376 881 1445 digni
896 1375 981 1432 babiti

191 1480 255 1526 snm
266 1487 313 1542 pro
326 1473 434 1526 numine
447 1471 510 1528 iesu
526 1473 713 1528 coutumeliam
729 1475 795 1541 pati.
815 1473 848 1527 Et
862 1488 877 1527 a
892 1473 982 1528 Domi·

190 1565 266 1618 riano
280 1563 386 1619 Cessare
401 1565 427 1617 iu
446 1562 574 1619 ferventis
590 1563 641 1619 olei
654 1563 754 1619 dolium
770 1565 880 1630 missus,
897 1566 923 1619 iu
938 1581 982 1621 ec·

192 1658 341 1713 ciesiastiea
357 1667 480 1713 narratur
503 1658 679 1724 bistoria,e1
702 1673 755 1728 qno
779 1668 867 1713 tamen
892 1659 980 1714 divina

1034 830 1083 883 ctis
1099 830 1188 884 nmudi
1203 830 1315 899 ruepotiis
1333 845 1437 898 cacare,
1451 839 1479 884 ει
1493 831 1519 884 iu
1534 831 1589 886 sola
1605 830 1750 887 dilectione
1763 848 1828 889 octr-

1035 920 1089 975 imu
1100 921 1198 978 mentis
1207 921 1345 978 intendero
1357 921 1490 988 didicerit,
1502 921 1683 992 gaudiumque
1692 933 1827 994 perpetuas

1034 1011 1204 1067 beatitudiuis
1213 1013 1283 1083 quod
1295 1014 1320 1066 in
1332 1012 1421 1068 iuturo
1431 1023 1606 1081 percepturos
1616 1025 1668 1082 est,
1679 1016 1731 1070 vita
1744 1018 1826 1072 etiam

1034 1100 1059 1154 iu
1072 1103 1194 1170 praesenti
1203 1103 1314 1170 coperit
1324 1103 1448 1158 ardenter
1457 1103 1635 1159 desiderando
1645 1113 1823 1172 praequslare,

1033 1207 1060 1250 et
1074 1196 1218 1266 aliqnando
1233 1197 1324 1258 etiam,
1351 1197 1520 1266 inquantum
1545 1197 1703 1252 mortalibus
1717 1196 1758 1252 ias
1772 1203 1825 1263 εει,

1034 1290 1060 1342 in
1086 1303 1201 1343 excessu
1229 1288 1327 1344 mentis
1349 1286 1512 1357 speculando
1535 1287 1685 1341 sublimiter
1707 1287 1824 1344 evolare.

1034 1376 1097 1432 idne
1121 1389 1210 1432 autom
1231 1379 1283 1432 vita
1296 1377 1395 1432 diuinas
1418 1376 1607 1446 speculationis
1628 1378 1688 1433 ilios
1709 1380 1826 1433 rrraaimc

1033 1474 1129 1542 recipit
1142 1473 1189 1541 qni
1204 1481 1265 1543 post
1279 1472 1358 1542 ionga
1372 1473 1526 1527 monastice
1546 1472 1696 1526 rudimenta
1722 1472 1826 1526 uirtutis

1033 1565 1128 1620 secreti
1142 1565 1176 1618 ab
1190 1563 1344 1619 bominibus
1370 1564 1466 1632 degere
1490 1573 1598 1628 riorum,
1621 1578 1654 1616 cn
1672 1561 1826 1617 liberiorem

1033 1659 1066 1713 ad
1090 1659 1208 1713 coelestia
1223 1656 1375 1712 meditanda
1390 1656 1508 1711 animum
1529 1655 1667 1719 lubentes,
1682 1669 1761 1723 quoa
1772 1663 1827 1708 ter·

192 1763 223 1805 εε
235 1759 392 1819 protegente
403 1751 486 1818 qratia
498 1759 550 1803 lam
562 1748 676 1804 intactus
687 1751 793 1817 exierit,
803 1765 882 1820 quam
896 1751 981 1805 inerat
998 1751 1019 1808 B
1034 1749 1105 1805 renis
1115 1758 1273 1817 separantur
1285 1747 1451 1802 tumrdtibus.
1463 1745 1583 1816 Namque
1594 1746 1679 1800 activa
1694 1760 1747 1798 uon
1759 1744 1825 1799 sniis

192 1852 207 1891 a
222 1840 393 1906 corruptione
403 1838 628 1908 concupiscentie
638 1841 916 1897 cornaliseatranens.
930 1842 984 1897 Nec
1034 1839 1061 1893 iu
1089 1839 1215 1894 coenobio
1243 1839 1395 1904 monacbis,
1422 1838 1470 1893 sed
1484 1845 1512 1893 et
1525 1847 1640 1899 cuncto,
1656 1843 1684 1890 ut
1699 1835 1824 1900 dirimas,

192 1928 277 1981 ruttulo
291 1938 349 1996 post
363 1928 503 1984 abeodem
520 1930 640 1998 principe
654 1938 762 1999 propter
776 1931 983 2001 insuperabilem
1035 1929 1135 1999 populo
1150 1928 1196 1984 bei
1216 1927 1378 1998 secretaliter
1402 1927 1574 1997 ingredienda
1600 1929 1767 1997 proponitur.
1793 1927 1827 1980 1ἶι

188 2020 390 2088 evangelizandi
403 2021 873 2078 constantiamini‘atirmosinsniam
887 2024 984 2079 exsilio
1032 2018 1140 2088 nitidem
1155 2028 1298 2089 uirumque
1312 2019 1474 2088 apostolum,
1489 2029 1515 2073 ct
1530 2017 1636 2074 Pelium
1657 2020 1783 2075 videlicet
1797 2024 1826 2073 el

190 2114 334 2182 relegatur,
347 2114 391 2168 ubi
404 2112 522 2168 irnrrrano
538 2113 600 2168 iicet
612 2114 754 2171 destitutus
768 2117 874 2183 solatio,
886 2117 984 2173 dirime
1033 2108 1175 2175 ioannem.
1200 2109 1322 2175 iustitiis
1346 2109 1416 2164 illisi
1430 2107 1552 2163 hmines
1564 2109 1692 2177 positum,
1710 2123 1758 2177 llio
1773 2123 1824 2161 et·

191 2217 282 2261 caurien
293 2205 405 2259 cisionis
415 2215 441 2260 ει
453 2206 623 2262 allocutionis
639 2207 735 2261 meruit
748 2208 842 2264 crebra
860 2211 984 2266 consola·

190 2299 262 2351 tione
284 2296 549 2365 rcrclari1denique
570 2295 667 2352 ibidem
683 2297 883 2369 Apocalypsim,
902 2315 982 2369 quam

191 2389 215 2441 ci
242 2387 370 2441 borninns
386 2386 420 2441 dc
434 2394 505 2440 statu
534 2386 661 2441 Ecclesia
686 2388 811 2455 prasenti
830 2389 872 2444 aci
893 2388 983 2445 loturo

190 2477 336 2543 revelavit,
363 2491 443 2530 manu
470 2491 518 2530 sua
542 2477 686 2531 conscribit
710 2476 775 2550 [di.,
800 2479 981 2552 conscripsitl.

193 2566 269 2622 Unde
292 2573 397 2619 constat
421 2566 625 2634 promissionem
640 2565 680 2620 sic
693 2567 819 2622 uinciendi
833 2569 920 2624 «donec
937 2586 982 2625 ve·

190 2659 260 2713 niret
285 2657 427 2724 bonduus,
443 2671 497 2711 non
510 2671 543 2712 eo
559 2655 693 2725 pertinere
716 2657 787 2724 quiid
808 2658 868 2714 sine
890 2659 982 2715 labore

190 2748 345 2803 certaminis
364 2747 482 2801 uicturus
496 2746 523 2799 iu
534 2744 645 2811 liiulldtl,
671 2748 718 2801 sed
744 2746 790 2802 illo
803 2749 981 2819 potiusquam

181 2839 249 2894 siue
263 2839 357 2894 diriore
370 2837 502 2908 passionis
518 2838 678 2891 transiturus
690 2846 762 2892 essct
776 2853 792 2894 ε
807 2841 915 2896 rutundo.
936 2842 980 2897 Si·

1033 2201 1155 2257 eeilentis
1170 2202 1286 2257 cubnine
1299 2202 1391 2271 gratiss
1402 2210 1507 2257 constet
1519 2202 1544 2256 iu
1555 2210 1667 2271 atraque
1678 2202 1730 2255 rita
1744 2201 1825 2255 inisse

1035 2296 1195 2365 perlectum,
1210 2305 1327 2350 attarneu
1341 2309 1393 2350 urta
1407 2295 1461 2350 uita
1476 2309 1523 2365 per
1535 2294 1654 2360 Petrum,
1679 2294 1731 2349 alia
1755 2291 1826 2348 desi-

1033 2398 1130 2456 gnatur
1153 2401 1202 2456 per
1222 2384 1363 2441 ioannem,
1381 2384 1409 2440 ln
1423 2399 1457 2440 eo
1471 2384 1569 2440 etenim
1592 2383 1663 2454 qnod
1687 2383 1724 2436 ait
1745 2382 1827 2437 Porro

1034 2478 1173 2543 Dominus,
1198 2476 1328 2532 delendas
1352 2493 1442 2530 utnnm
1466 2487 1532 2541 luas,
1547 2487 1569 2529 cl
1583 2476 1651 2528 alius
1663 2483 1686 2526 te
1698 2473 1780 2542 cinqet
1800 2480 1825 2524 et

1033 2571 1180 2641 ducetque
1203 2585 1255 2624 icon
1275 2571 1322 2636 cis,
1349 2569 1541 2638 perlectionem
1571 2567 1701 2636 exprimit
1728 2567 1825 2620 activae

1032 2664 1257 2728 concremationis,
1272 2678 1332 2731 quea
1347 2663 1524 2717 tentationum
1538 2661 1606 2715 solet
1622 2661 1682 2730 igne
1705 2658 1824 2727 probari.

1034 2754 1109 2810 Unde
1122 2755 1183 2809 aiibi
1199 2755 1233 2809 de
1245 2769 1277 2809 ea
1291 2754 1483 2824 dieitnpertins
1500 2771 1506 2805 :
1522 2750 1596 2806 Beati
1610 2752 1653 2821 qui
1667 2749 1825 2817 persecutio·

1033 2867 1091 2904 trent
1105 2853 1237 2923 potirentur
1252 2858 1356 2919 propter
1366 2849 1505 2921 justitiam.
1521 2846 1568 2900 Ceri
1585 2853 1658 2899 recle
1676 2838 1824 2909 subjungit,

188 2939 234 2986 rut
256 2931 327 2985 enlm
342 2930 368 2982 in
383 2928 490 2983 Parrum
517 2928 613 2982 litteris
634 2929 796 2998 irrueriimus,
821 2946 881 2985 cum
903 2933 982 3002 longo
1032 2940 1124 2994 diceps
1141 2959 1147 2994 :
1164 2941 1278 3009 sequere
1299 2956 1349 3005 mc,
1372 2939 1432 3009 qnia
1458 2937 1582 2992 nimirum
1604 2935 1680 3005 juxta
1703 2931 1824 3001 ciusdem

187 3021 325 3078 enrricclns
336 3021 412 3074 senio
426 3020 508 3074 sciret
522 3018 663 3074 imminere
687 3019 757 3074 diem
782 3033 903 3076 recessus
927 3023 979 3088 sui,
1035 3030 1105 3084 Petri
1116 3045 1208 3084 uticem
1219 3028 1342 3085 clarinus
1356 3043 1448 3099 passas
1458 3038 1499 3084 est
1512 3043 1560 3097 pro
1572 3027 1659 3089 nobis,
1671 3023 1825 3093 relinquens

185 3112 341 3168 conuocatis
353 3111 568 3179 discipulusne,
584 3121 644 3179 post
654 3114 754 3166 ritonita
764 3113 980 3169 erbortatiouom
994 3103 1017 3165 (ἶ
1032 3121 1108 3176 probis
1130 3122 1293 3190 eucarpium,
1308 3131 1336 3175 ut
1346 3135 1491 3190 sequamur
1515 3120 1627 3189 uestigia
1648 3119 1717 3187 ejus.
1747 3116 1823 3180 Quod

187 3221 218 3259 ac
235 3206 376 3259 missarum
399 3202 619 3268 celebrationem,
640 3202 762 3257 ultimum
776 3205 816 3260 eis
829 3205 954 3260 valeiccit
971 3224 977 3259 :

186 3296 285 3351 deiude
296 3293 464 3349 descendens
475 3294 501 3346 iu
512 3291 648 3347 delossum
662 3293 805 3362 sepulturae
815 3309 871 3349 suae
880 3295 978 3362 locum,

186 3385 256 3439 iacta
268 3384 390 3437 oratione
404 3384 540 3451 appositus
554 3391 594 3436 est
608 3382 640 3435 ad
656 3392 744 3450 quaeres
760 3397 834 3450 suos,
849 3395 901 3438 tam
912 3385 980 3441 liber

187 3489 201 3526 a
217 3473 310 3527 doloro
322 3472 426 3535 rnortis,
440 3485 520 3541 quarn
531 3485 546 3524 a
559 3474 732 3541 corrrrptione
745 3473 835 3528 carnis
847 3473 980 3530 inuenitur

185 3566 299 3619 alienus.
327 3565 414 3631 Atrine
438 3563 473 3616 ita
497 3563 630 3631 compieta
652 3572 694 3618 εει
711 3563 829 3619 ueridica
845 3563 898 3636 [11.
915 3565 977 3618 add.

185 3654 241 3726 illa]
254 3652 400 3712 salamonis
413 3653 557 3720 sententia,
573 3653 634 3721 quia
649 3653 687 3708 sic
701 3667 764 3707 enm
785 3655 898 3709 voluerit
922 3669 979 3708 ma·

185 3759 252 3800 nere
275 3745 362 3799 dorrec
382 3744 439 3811 ipse
461 3745 574 3799 reniret.
605 3743 750 3799 Possumus
764 3752 853 3799 autern
868 3746 979 3816 mystice

186 3838 212 3890 in
228 3835 270 3890 bis
284 3849 343 3904 quse
358 3832 439 3889 Petro
452 3842 480 3887 ει
493 3832 588 3888 ioanni
604 3849 618 3888 a
633 3835 744 3890 Domino
758 3836 884 3904 praedicta
899 3851 979 3908 atque

180 3928 213 3982 iu
226 3928 265 3981 eis
276 3933 339 3979 srtni
351 3934 436 3994 gesta,
451 3924 517 3978 ditas
530 3923 657 3978 Ecclesiae
670 3927 736 3978 vitas
758 3926 854 3992 quibus
869 3928 896 3981 in
911 3940 979 3996 prae·

185 4021 255 4077 senti
280 4028 429 4085 exercetur,
443 4017 556 4073 aelisam
579 4019 681 4074 scilieet
694 4029 720 4074 ct
730 4020 977 4090 contemplativam,

180 4110 337 4178 designatas
349 4109 481 4178 accipere,
492 4125 603 4179 quarum
617 4111 703 4165 activa
716 4112 867 4168 communis
880 4113 977 4183 populo

184 4203 232 4258 liei
257 4203 296 4256 ria
322 4202 428 4256 risendi
453 4213 503 4257 esi.
520 4202 559 4257 lld
574 4206 807 4272 contemplativam
830 4221 895 4261 vero
917 4221 978 4276 per·

182 4295 275 4364 pauci,
289 4303 315 4347 ει
329 4295 354 4348 in
370 4293 420 4348 buc
432 4293 603 4349 sublimiores
616 4297 714 4365 quique
726 4305 785 4365 post
801 4298 978 4353 resurrectio·

186 4399 247 4439 nem
276 4383 341 4457 [11.,
372 4381 575 4455 periectiotrerrt]
604 4385 653 4451 pice
680 4385 792 4439 aetionis
821 4386 977 4444 ascendunt.

1029 3223 1118 3267 alitem
1140 3212 1205 3267 dicit
1219 3211 1253 3267 de
1266 3211 1378 3277 ioanne,
1401 3211 1446 3268 Sic
1467 3228 1524 3266 cum
1546 3214 1604 3265 nolo
1626 3225 1727 3263 ocurrere
1742 3208 1824 3261 dorice

1029 3304 1112 3369 uenio,
1128 3303 1457 3372 statuuncontemplativm
1482 3302 1585 3356 virtutis
1609 3301 1737 3361 insinuat,
1763 3312 1824 3366 qliae

1029 3404 1083 3444 nou
1106 3406 1152 3459 per
1179 3403 1292 3446 mortem
1317 3390 1432 3446 linienda
1449 3399 1477 3444 ut
1491 3390 1590 3458 actii-a,
1616 3389 1662 3443 sed
1687 3403 1734 3455 per
1755 3388 1824 3460 111,

1028 3479 1100 3553 post]
1117 3490 1230 3536 rnortem
1245 3492 1287 3536 εει
1300 3481 1444 3551 perfectius
1471 3480 1582 3535 Domino
1604 3481 1729 3535 serdente
1753 3495 1825 3535 cnm·

1029 3572 1136 3639 pienda.
1163 3573 1272 3627 delirus
1297 3587 1412 3641 tuamque
1434 3572 1511 3626 labor
1534 3587 1594 3627 com
1621 3581 1708 3626 nrortc
1722 3572 1824 3638 truncia,

1027 3661 1182 3717 mercedem
1199 3670 1388 3732 postmortem
1416 3670 1573 3730 accepturus
1597 3673 1736 3717 aeternam.
1761 3665 1825 3730 Quale

1028 3754 1100 3807 enim
1124 3751 1151 3806 in
1176 3751 1219 3807 iiia
1245 3752 1298 3807 vita
1322 3766 1416 3821 panem
1439 3753 1568 3807 esurienti
1593 3753 1650 3819 dal,
1674 3755 1718 3808 nbi
1741 3768 1821 3809 tremo

1028 3841 1130 3895 esurit?
1154 3843 1214 3910 quis
1237 3855 1333 3908 aquarn
1356 3844 1467 3907 sitienti,
1495 3843 1539 3897 ubi
1563 3858 1642 3897 neum
1666 3844 1742 3899 sitit?
1764 3847 1824 3913 quis

1028 3940 1165 3987 mortuum
1177 3932 1285 4002 sepelit,
1300 3932 1344 3989 nbi
1361 3945 1431 3989 terra
1448 3935 1590 3989 uiuentium
1604 3936 1666 3990 esti
1688 3936 1747 4004 quis
1770 3952 1824 3991 eae-

1028 4026 1085 4073 tera
1109 4035 1191 4090 opera
1216 4021 1408 4078 misericordie
1432 4033 1551 4089 exercet,
1568 4025 1612 4080 nbi
1627 4025 1715 4078 nuilus
1742 4025 1825 4081 miser

1028 4111 1184 4166 invertiturl
1200 4114 1322 4169 Actionis
1336 4129 1402 4186 erqo
1417 4116 1453 4172 ibi
1467 4115 1541 4171 labor
1552 4118 1650 4180 nullus,
1675 4118 1722 4173 sed
1748 4121 1824 4173 solus

1028 4205 1172 4268 preteritas
1188 4205 1302 4260 actionis
1316 4217 1460 4276 perpetuus
1475 4217 1598 4262 remanet
1619 4207 1729 4262 iructus.
1754 4209 1823 4277 Spe-

1028 4293 1140 4347 caiatiua
1157 4303 1246 4348 autem
1260 4293 1383 4360 felicitas,
1398 4310 1457 4364 quea
1472 4295 1515 4350 bic
1529 4296 1680 4362 inchoamr,
1696 4297 1751 4351 iilic
1765 4299 1825 4352 sine

1029 4384 1083 4438 line
1094 4383 1242 4453 perficitur,
1254 4384 1580 4455 qnandoelsnpernorum
1591 4388 1689 4441 civium
1701 4398 1728 4442 et
1740 4388 1825 4457 ipsius

185 4476 280 4531 Actira
305 4479 404 4543 qnippe
430 4475 483 4528 uita
497 4486 538 4528 cst
552 4474 701 4529 studiosum
725 4476 823 4531 Christi
849 4474 976 4534 sarcinium
993 4445 1018 4505 ⁰
1031 4474 1135 4529 Domini
1150 4476 1292 4543 presentia
1308 4492 1360 4530 nou
1377 4491 1424 4545 per
1437 4478 1574 4544 speculum
1590 4487 1616 4531 ct
1629 4479 1655 4531 iu
1670 4477 1824 4546 eerriqrnate,

184 4569 265 4637 justis
280 4567 405 4621 insistere
428 4565 574 4629 laboribus,
590 4574 617 4620 et
633 4566 707 4634 prius
727 4568 835 4635 quidem
858 4569 977 4639 seipsum

173 4660 221 4712 -ab
245 4657 296 4711 iroe
319 4657 419 4711 saeculo
444 4657 645 4711 irnrnacnintum
673 4659 819 4723 custodire,
849 4669 977 4724 mentem,

189 4760 309 4809 rriauuni,
324 4747 451 4816 linguatu,
460 4760 491 4800 ac
500 4747 619 4800 membra
626 4746 746 4814 eorporis
757 4757 853 4802 enters
863 4748 897 4802 ab
907 4750 980 4804 ouini

185 4836 981 4907 inquinamentoonlpaetentantiscoirtincre,acdiuinisper-

185 4927 548 4996 petuosnbjnqareserritiis.
565 4925 664 4982 Deinde
672 4926 751 4983 etiam
766 4927 877 4996 proximi
889 4942 982 4983 ncces-

185 5016 308 5073 sitatibus
332 5014 409 5084 juxta
437 5015 509 5069 uires
535 5030 678 5073 occurrere
703 5015 769 5089 idi,
796 5017 981 5091 succurrere]‚

184 5106 320 5163 esurienti
346 5104 448 5170 cibum,
476 5112 568 5174 potum
591 5105 703 5169 sitienti,
732 5106 830 5176 algenti
856 5109 981 5162 restitum

185 5196 376 5261 ministrando,
392 5210 492 5266 egenos
504 5211 638 5265 vagosque
651 5197 678 5251 in
693 5196 801 5253 domurn
815 5199 979 5267 recipiendo,

185 5290 321 5346 iicirmnm
339 5288 482 5356 risiraudn,
497 5301 631 5343 mortuum
651 5289 816 5357 sepeliendo,
841 5290 980 5356 eripiendo

181 5381 293 5451 irrupem
308 5381 341 5435 de
356 5394 437 5433 caraem
452 5379 569 5432 iorlinris
582 5377 651 5446 ejus,
665 5392 778 5448 egenum
791 5388 820 5435 et
833 5393 978 5449 pauperem

185 5488 201 5526 a
224 5471 393 5541 rapientibus
420 5485 499 5534 eum;
526 5469 573 5524 sed
592 5479 618 5522 et
637 5471 736 5522 erranti
766 5470 836 5523 riam
861 5469 980 5524 veritatis

185 5563 364 5627 ostendendo,
385 5577 417 5617 ac
432 5562 536 5617 cureris
551 5575 581 5615 εε
596 5559 773 5628 mancipando
796 5560 922 5617 fraternae
940 5561 981 5616 di·

1031 4564 1101 4619 sicut
1115 4579 1197 4628 nnnc,
1209 4565 1255 4620 sed
1269 4565 1338 4620 iacie
1352 4566 1384 4620 ad
1400 4567 1493 4622 facicm
1505 4568 1649 4622 ridebitur.
1662 4568 1738 4623 Unde
1751 4580 1826 4626 reete

1033 4653 1067 4711 ι1ε
1080 4668 1111 4710 ea
1124 4656 1175 4710 sub
1196 4664 1258 4724 typo
1279 4656 1400 4723 discipuli
1424 4673 1503 4723 quem
1526 4658 1663 4728 diligebat,
1691 4674 1826 4729 queruquc

1033 4761 1114 4814 supra
1130 4754 1223 4814 pectus
1237 4759 1313 4799 snum
1328 4746 1390 4801 iecit
1403 4746 1582 4815 discumbere,
1598 4750 1663 4804 dicit
1679 4749 1825 4805 borniuus:

1035 4834 1080 4889 Sic
1094 4850 1151 4888 curn
1166 4833 1223 4888 noio
1235 4851 1337 4890 manem
1350 4837 1430 4891 donee
1443 4840 1523 4893 aenio.
1539 4841 1611 4895 1εεί
1626 4853 1718 4909 aperte
1730 4843 1802 4896 dicat
1816 4859 1823 4896 :

1034 4923 1103 4978 Nolo
1125 4932 1233 4993 glastum
1257 4927 1427 4993 speculativae
1448 4930 1596 4994 suauitatis,
1613 4946 1692 4998 qnam
1708 4932 1827 4988 maxime

1035 5016 1063 5069 in
1086 5017 1185 5071 salictis
1208 5015 1276 5071 meis
1298 5017 1392 5087 diligo,
1414 5024 1585 5089 sperantibus
1606 5024 1634 5079 in
1657 5025 1827 5092 protectione

1033 5109 1136 5162 alarum
1150 5122 1280 5173 mearum,
1296 5110 1434 5167 inebriatis
1447 5112 1481 5168 ab
1501 5113 1623 5169 ubertate
1637 5116 1733 5169 donans
1745 5131 1825 5182 trien,

1033 5197 1123 5253 esicm
1138 5197 1280 5252 laboriosa
1291 5214 1367 5254 usum
1378 5201 1492 5259 actionis
1503 5205 1567 5260 letbi
1579 5205 1826 5273 candiriuncduui,

1030 5286 1080 5342 sed
1096 5294 1284 5355 postmortem
1299 5290 1441 5348 sublimius
1456 5309 1499 5348 me
1512 5307 1670 5364 apparente,
1692 5308 1772 5366 atque
1798 5299 1827 5354 in

1032 5391 1101 5433 utens
1114 5389 1286 5448 corrspeetnm
1300 5381 1447 5452 tricticstatis
1460 5384 1520 5442 iilos
1533 5387 1697 5456 perducente
1721 5390 1826 5457 pertici.

1033 5464 1160 5537 Sequitur
1176 5487 1183 5523 ε

1070 5558 1122 5614 ilic
1135 5570 1173 5615 cst
1193 5561 1336 5636 disciputus
1348 5566 1394 5625 illc
1405 5569 1450 5640 qui
1469 5572 1638 5629 testimoninm
1654 5574 1768 5644 perbibet
1793 5575 1828 5633 dc

224 5675 317 5734 ecci.
333 5675 399 5734 bibi.
416 5677 513 5734 llrsen.
535 5671 621 5731 raris.
640 5671 703 5731 add.
719 5687 727 5726 ι
741 5682 764 5728 ει
780 5681 898 5748 terrestre,
910 5672 1045 5746 cvctnputis
1060 5690 1122 5733 nuc
1134 5678 1237 5748 petatis.
