3802 6126
125 300 194 357 toti
503 304 603 361 BEDAE
624 306 846 363 tiduutuiuts
864 306 939 363 ui’t‘.
961 306 1048 365 utus
1067 308 1110 364 lV.
1126 338 1162 352 ·-
1181 309 1368 366 HlSlethd.
1687 303 1757 361 lllll

734 419 848 474 Editio
865 419 1076 476 cubotuiists

126 507 224 564 deinde
238 505 361 576 baptismi
375 510 457 578 gratio
483 509 674 575 sanetilicatus,
690 510 858 578 episcopatus
872 511 911 566 di·
925 515 948 573 Α
964 511 1476 569 neliuaabindemitatesanaritoraulo.
1486 513 1682 582 tteatuahapne
1692 513 1759 568 Cor·

126 599 266 669 gnitatem,
286 598 437 667 sudrogiiim
462 598 606 654 ferentibus
630 601 731 668 populis
756 600 912 657 Christianis
963 602 1048 656 aelius
1067 614 1199 673 rogatura
1216 605 1291 660 beata
1313 604 1421 670 bucina,
1440 619 1553 673 corpora
1575 604 1760 672 apostolorum

125 691 285 758 assequitur,
300 698 327 743 et
340 690 389 742 sub
409 688 552 742 Volusiano
564 697 590 743 et
603 688 723 743 Gallieno
746 689 912 758 imperatori·
963 690 1030 744 beati
1043 691 1111 745 Petri
1125 701 1152 746 et
1166 692 1240 747 l‘auii
1254 693 1287 749 de
1300 694 1461 749 catacumbis
1473 693 1576 749 levarit
1588 705 1671 750 rroetu
1684 710 1693 750 :
1706 696 1760 766 pri·

126 780 185 845 biis,
205 779 394 841 perhemmius,
421 776 561 847 proiectus
587 779 764 843 Alexandriae,
789 780 914 848 cogitarit
962 795 1033 835 mum
1046 782 1152 851 priidem
1165 799 1261 850 corpus
1273 785 1341 839 beati
1349 784 1428 843 ,Pauli
1441 787 1516 841 beata
1527 785 1628 840 Lucina
1643 790 1757 855 aceepit,

125 885 187 925 eum
212 869 344 928 occidere.
368 866 420 922 Sed
444 881 504 921 cum
529 868 578 921 hoc
604 867 713 935 implere
736 883 788 921 uun
814 878 911 937 posset,
962 880 989 926 et
1001 874 1089 941 posuit
1101 874 1126 928 in
1142 875 1240 943 praedio
1253 890 1301 930 suo
1316 875 1357 930 ria
1370 877 1495 940 Ostiensi,
1509 877 1543 931 ad
1559 879 1629 932 latus
1642 878 1688 932 ubi
1712 879 1760 934 de·

128 972 235 1030 pmpter
250 961 374 1030 populum
388 959 586 1024 Christianum,
602 960 710 1014 immisit
724 960 849 1026 nirosdam
868 960 912 1028 qui
962 962 1074 1015 siriiatus
1084 961 1217 1019 luit-beati
1229 964 1299 1019 Petri
1310 980 1373 1020 rero
1383 976 1599 1037 corpussanetus
1614 967 1760 1022 corrielius

127 1069 157 1111 se
177 1054 306 1122 lingerent
328 1053 502 1107 Christianos.
525 1052 629 1120 Quique
649 1052 825 1120 ingredientes
854 1065 912 1120 per·
962 1059 1063 1125 accepit
1077 1059 1226 1128 episeopus,
1239 1068 1266 1113 et
1280 1053 1542 1128 posuitjuatatocom
1554 1061 1600 1115 ubi
1614 1061 1761 1116 orricilirus

127 1154 266 1200 euaserunt
281 1158 339 1198 etitti
356 1143 383 1197 in
398 1144 518 1196 utulibne
537 1143 718 1196 constitutum.
734 1140 810 1196 Sedit
824 1150 912 1195 utitem
963 1156 1013 1214 est,
1030 1149 1097 1202 ittler
1111 1163 1221 1216 corpora
1237 1157 1403 1216 sanctorum,
1431 1151 1457 1202 in
1482 1149 1581 1216 templo
1609 1149 1758 1217 Apollinis,

127 1233 154 1287 iu
168 1235 320 1302 episcopam
340 1247 436 1287 orioum
452 1247 542 1296 unitur,
569 1245 672 1286 meuses
690 1241 754 1286 tres.
778 1232 810 1284 Et
828 1232 912 1286 sancti
964 1239 990 1292 in
1006 1250 1094 1294 monte
1118 1240 1225 1295 Aurelio
1245 1240 1364 1295 vaticani
1388 1240 1476 1310 palatii
1500 1241 1662 1304 Neroniani,
1681 1243 1762 1298 tertio

126 1324 215 1380 Amuli
250 1323 413 1393 presbyleri,
442 1329 469 1374 el
503 1321 606 1376 abbatis
641 1323 792 1376 iiidttusletii
829 1324 913 1377 sancii
964 1329 1157 1385 Kalend,Jplii,
1176 1331 1240 1384 {letti
1255 1333 1338 1386 sancti
1353 1329 1480 1401 Cypriani
1494 1332 1624 1401 episcopi,
1644 1334 1692 1402 qui
1713 1333 1763 1388 sub

130 1413 272 1468 itamariei.
301 1412 415 1466 Turonis
440 1410 569 1479 depositio
602 1411 671 1466 beati
708 1411 825 1465 hieronis
858 1411 914 1480 epi·
965 1420 1105 1476 valeriano
1120 1422 1237 1490 principe
1260 1429 1319 1492 post
1336 1421 1442 1488 longino
1465 1423 1588 1476 exsilium
1615 1422 1761 1478 (tornines.

130 1501 213 1568 scopi.
967 1519 1009 1564 tus
1021 1513 1108 1580 capite
1128 1512 1283 1583 martyrium
1305 1513 1508 1579 consummarit,
1532 1520 1610 1566 sexto
1632 1512 1761 1567 milliario

166 1592 197 1646 E.
213 1591 293 1647 iiiiii
306 1591 424 1647 Kressa.
439 1591 507 1646 lior.
519 1622 554 1633 -
569 1593 659 1647 Rornae
672 1594 712 1647 via
733 1596 813 1662 Appia
830 1596 915 1651 natale
965 1615 980 1652 a
995 1599 1153 1669 Carthagine
1173 1600 1247 1671 juxta
1268 1615 1352 1654 mare.
1368 1600 1467 1655 Eodem
1482 1600 1526 1656 die
1547 1602 1679 1656 exaltatio
1692 1617 1764 1656 aan-

129 1680 216 1735 anncti
231 1679 345 1735 Cornelii
367 1680 492 1749 episcopi,
509 1676 557 1735 sub
572 1683 754 1748 persecutione
773 1682 858 1748 beeli3
873 1685 914 1738 eui
966 1699 1017 1744 cim
1040 1692 1136 1745 erucis.
1161 1691 1283 1746 Treueris
1309 1691 1442 1761 depositio
1464 1693 1548 1746 sarreti
1572 1691 1689 1747 blateroi
1708 1693 1765 1764 epi·

132 1771 217 1838 primo
228 1785 259 1825 os
273 1785 333 1825 cum
350 1770 490 1839 plumbatis
501 1784 542 1826 est
554 1786 664 1838 caesum,
679 1780 707 1827 et
720 1772 865 1829 decollatus
876 1784 917 1830 est
966 1779 1040 1846 roopi
1053 1788 1079 1834 et
1094 1777 1266 1834 confessoris.

130 1873 190 1913 eum
208 1859 267 1913 aliis
290 1860 379 1927 viginti
401 1875 454 1913 uno
468 1860 611 1928 prrimiseui
633 1875 726 1925 sexus,
744 1877 803 1915 eum
819 1864 913 1931 paribus
929 1864 951 1923 B
1002 1867 1033 1921 F.
1050 1866 1120 1921 ittltt
1134 1867 1255 1922 Kranae.
1269 1867 1336 1922 0or.
1348 1867 1486 1922 —iiatale
1499 1868 1585 1921 saneti
1609 1868 1761 1923 Nicomedia

131 1959 157 2004 et
172 1949 288 2006 Gereatis
300 1952 375 2005 miles
388 1965 448 2004 cum
464 1950 577 2006 Salustia
589 1965 674 2006 uxore
688 1966 745 2018 sua,
760 1968 837 2022 quam
850 1952 917 2009 Cor·
969 1960 1103 2028 martyris,
1117 1974 1194 2029 prtem
1210 1959 1320 2015 Flaccus
1333 1972 1433 2025 comes,
1449 1973 1483 2014 eo
1495 1958 1566 2026 quid
1581 1973 1683 2030 eorpus
1696 1975 1759 2015 sao-

754 2061 867 2118 Ebiito
888 2063 1138 2126 botttrttttatta.

137 2154 187 2212 SS.
205 2155 361 2209 Felicissimi
383 2166 410 2210 et
431 2156 584 2211 &arundini
608 2155 636 2209 io
658 2157 922 2213 alexandrinorum
970 2172 1110 2219 sanaverat
1137 2165 1205 2233 passi
1231 2163 1281 2220 sub
1308 2165 1397 2219 Decio.
1427 2174 1438 2203 ι
1468 2162 1569 2219 Eodem
1596 2163 1643 2219 die
1669 2164 1758 2222 natale

136 2228 167 2280 S.
183 2224 323 2292 'ibeopbili
344 2227 470 2293 episcopi.
497 2226 645 2295 builegauis
664 2227 772 2282 civitate
790 2226 921 2296 depositio
969 2253 999 2310 g·
1015 2253 1028 2292 a
1042 2253 1165 2324 cypriani
1189 2253 1243 2328 [gn
1257 2253 1371 2327 cmg]
1391 2252 1527 2321 opimi,
1545 2254 1593 2323 qua
1611 2254 1664 2309 ,up
1679 2253 1759 2310 ωε,

97 2342 105 2351 ,
136 2296 166 2353 S.
181 2301 194 2330 ⁸
210 2296 353 2350 insitionis
367 2296 497 2365 eptseopi.
969 2348 1044 2404 '12⁰0
1059 2347 1178 2419 principe
1199 2358 1259 2418 poet
1274 2348 1382 2416 longum
1396 2346 1538 2411 exsiliunt,
1552 2346 1760 2404 detruncatione

170 2424 352 2481 rt.-xiiti
368 2425 516 2481 Kamour.
534 2424 625 2480 Rome
641 2423 924 2483 petates.hcomelii
969 2441 1064 2511 eapitis
1087 2441 1242 2511 martyrium
1267 2438 1462 2495 consummarit
1486 2446 1565 2493 sexto
1591 2439 1718 2494 milliario
1744 2453 1759 2495 a

133 2517 251 2589 episcopi
266 2536 272 2570 :
289 2516 331 2572 eui
345 2517 431 2584 primo
443 2531 473 2569 os
485 2531 545 2570 enm
559 2515 700 2584 plumbatis
714 2531 823 2583 cesum,
838 2526 866 2573 et
880 2517 921 2573 sic
971 2529 1139 2596 entilugino,
1156 2530 1254 2585 popam
1270 2529 1313 2584 (110
1325 2528 1452 2583 exaltatio
1465 2535 1569 2583 ωας
1585 2536 1598 2565 ο
1612 2529 1713 2586 auggg,

132 2608 278 2665 decollatus
298 2615 340 2661 est
358 2620 418 2662 eum
440 2606 500 2660 aliis
519 2605 612 2676 uiginti
633 2616 661 2661 et
683 2621 736 2661 uno
754 2605 812 2676 ili„
827 2606 919 2676 viginti
1008 2622 1050 2686 p„
1064 2618 1098 2675 gp
1108 2620 1241 2689 depositio
1256 2619 1351 2674 gemet
1365 2617 1494 2688 epiuppp,

132 2695 247 2767 duobus]
270 2696 411 2765 promiscui
436 2709 516 2749 serus
537 2711 545 2748 ε
570 2705 597 2750 et
620 2695 737 2750 Gereatis
760 2695 836 2750 miles
859 2710 919 2750 eum
1011 2712 1053 2766 gg,
1067 2710 1186 2765 ..xpp
1200 2710 1268 2767 pm,
1283 2708 1418 2764 papates,
1433 2706 1444 2747 t
1458 2707 1610 2763 parmata,
1633 2708 1760 2763 mnam

134 2799 217 2841 exure
238 2798 285 2839 sua
309 2783 422 2840 salustia
449 2799 528 2854 priam
547 2784 686 2839 Cornelius
709 2784 744 2838 ah
766 2784 919 2840 intirmitate
972 2803 1030 2873 pp„
1043 2800 1183 2873 episcopi),
1208 2802 1238 2858 ι,
1263 2800 1336 2856 ,Μὴ
1359 2807 1383 2854 ,r
1403 2808 1416 2847 s
1433 2797 1576 2854 udaiuns,
1596 2797 1695 2856 men
1704 2763 1761 2856 ‘4110

824 2916 928 2974 sitiiti
948 2912 1062 2970 NOTAE.

135 3007 296 3063 instituerat.
318 3006 397 3061 brolii
416 3013 504 3058 autem
524 3004 589 3059 obiit
609 3018 679 3059 anuo
692 3003 762 3068 690;
783 3004 919 3062 Broilense
972 3018 1037 3058 vero
1058 3002 1192 3056 humiliter
1212 3001 1354 3083 renitente,
1376 2999 1409 3055 ad
1431 2997 1614 3070 episomalem
1634 2997 1758 3081 throntm

134 3076 322 3132 monasterium
342 3074 506 3129 destructum
527 3084 568 3127 est
590 3090 659 3128 anno
675 3073 737 3138 titi,
758 3090 811 3136 otio
831 3076 956 3142 immi-t}
973 3083 1032 3142 post
1056 3081 1168 3127 mortem
1191 3071 1286 3125 Donati
1307 3078 1444 3139 promotus
1464 3077 1523 3130 est;
1546 3084 1627 3138 quero
1650 3085 1694 3124 rra
1715 3086 1762 3138 per

132 3155 216 3199 trente
276 3144 408 3198 [lariorum
432 3145 616 3210 perseeutione
641 3142 738 3196 iratres
762 3144 817 3199 Deo
841 3156 868 3200 et
889 3147 918 3200 S.
971 3142 1153 3207 onnietpuod
1168 3138 1760 3207 excurritspatiumornnrerai.eumexorta

134 3218 231 3267 tiniam
250 3216 398 3268 servientes
412 3225 509 3278 eorpus
531 3211 610 3278 tritius
630 3212 714 3266 sancti
736 3215 851 3267 buaeum
873 3216 920 3269 de·
970 3213 1020 3266 sub
1040 3213 1118 3266 becio
1134 3211 1333 3279 persecutione,
1352 3210 1386 3262 ad
1401 3209 1505 3262 leonem
1522 3211 1549 3262 in
1568 3205 1649 3263 Circo
1663 3210 1759 3277 sepius

135 3291 317 3351 portaverunt,
331 3291 358 3335 et
372 3282 398 3334 io
413 3279 453 3333 sui
467 3279 535 3347 juris
549 3281 662 3334 eeclesia
679 3282 707 3335 tt.
720 3281 809 3335 llario
823 3299 921 3352 posue·
972 3282 1080 3348 petitns,
1091 3296 1225 3336 secessum
1238 3278 1373 3350 prrmsirit.
1387 3278 1578 3332 Persecutiooe
1590 3279 1679 3343 sopita
1691 3295 1759 3334 anno

135 3363 207 3407 runt.
228 3351 304 3406 Nunc
323 3350 373 3403 ista
398 3349 516 3416 balpare
536 3350 648 3404 ecelesia
671 3358 712 3403 est
731 3352 869 3421 collegiata
890 3353 918 3409 S.
970 3349 1033 3417 2il‚
1048 3351 1156 3404 latebris
1169 3360 1326 3418 egressuset
1342 3348 1467 3402 Ecclesiae
1479 3361 1536 3400 suae
1550 3347 1754 3416 reddituram-

134 3422 220 3476 bmati
234 3422 314 3474 dicta.
330 3421 489 3482 Maurarum,
504 3432 566 3472 aare·
583 3434 600 3472 rt
615 3421 674 3475 det.
692 3421 769 3485 tien„
786 3438 813 3487 p.
828 3423 891 3478 bii.
970 3421 1049 3474 udum
1065 3420 1223 3488 Cartbagine
1248 3418 1275 3472 in
1298 3432 1376 3472 caiisa
1398 3417 1534 3480 lapsorum
1549 3415 1654 3472 babuit.
1669 3417 1758 3473 Οτιιω

170 3489 355 3544 “duritionin
384 3489 474 3542 Potius
499 3487 622 3542 llauriiii.
647 3489 694 3543 tito
717 3490 921 3547 ilediolanensis
970 3490 1106 3542 arieneos
1128 3490 1162 3543 de
1184 3488 1314 3552 baptismo
1339 3486 1524 3540 hereticorum
1547 3488 1757 3543 controversiam

135 3559 201 3614 ciris
221 3560 350 3622 illustris,
365 3567 392 3612 et
411 3557 440 3613 S.
457 3559 560 3612 llartini
574 3559 718 3624 discipulos
733 3560 799 3625 init,
815 3572 842 3616 et
862 3561 920 3629 ejus
969 3559 1118 3629 Cyprianus
1140 3557 1244 3612 concilii
1271 3555 1498 3622 Carthaginiensis
1524 3554 1636 3611 decreto
1663 3557 1755 3614 sedare

136 3629 241 3683 hortatu
256 3629 356 3682 electus
370 3638 410 3681 est
425 3627 625 3697 ,ludegareosis
640 3630 789 3701 episcopus.
811 3630 848 3684 ile
861 3633 920 3702 eius
969 3637 1080 3682 carnatus
1093 3637 1153 3691 est,
1168 3638 1286 3680 statuens
1301 3626 1484 3679 liaereiicorum
1507 3625 1643 3692 baptisma
1659 3627 1753 3681 inuali-

136 3698 280 3761 miraculis,
294 3697 328 3752 de
338 3711 417 3751 caiisa
430 3696 465 3749 ob
476 3712 555 3765 quiam
569 3697 750 3766 episcopatum
766 3700 919 3770 relinquens
969 3698 1033 3753 dum
1047 3713 1079 3751 ac
1100 3699 1175 3764 plane
1190 3697 1291 3750 utillum
1305 3709 1376 3749 esse.
1397 3694 1476 3747 istam
1491 3696 1656 3748 sententiam
1675 3712 1754 3764 sgnu-

136 3783 209 3821 mare
226 3767 349 3830 transiit,
368 3766 402 3820 de
419 3767 477 3834 ejus
493 3766 577 3820 reditu
595 3767 627 3819 ad
646 3782 722 3830 suos,
745 3779 770 3821 et
786 3770 920 3836 puoruodo
969 3769 1063 3822 dosii
1079 3768 1262 3834 episcoporum
1281 3780 1351 3818 aurio
1365 3762 1485 3832 sequenti
1502 3763 1594 3817 habita
1614 3766 1755 3820 sundrma-

136 3851 245 3902 pnernm
261 3852 307 3904 per
320 3844 382 3890 octo
395 3851 478 3888 atilios
492 3838 652 3890 exstinctum
667 3837 700 3890 ad
715 3838 794 3892 vitam
810 3853 920 3895 retoea·
969 3839 1016 3891 rit.
1032 3838 1098 3890 Cum
1115 3851 1176 3889 rero
1190 3850 1242 3888 non
1257 3833 1343 3900 pauci,
1359 3848 1391 3886 ae
1405 3834 1431 3885 iti
1447 3833 1480 3885 iis
1495 3833 1631 3900 praecipue
1644 3835 1754 3903 Stepha-

135 3907 188 3969 rit,
204 3908 263 3958 ride
279 3910 341 3958 heta
355 3907 413 3967 eius
425 3904 493 3971 apud
509 3905 615 3960 Surium
631 3915 695 3959 tom.
712 3906 744 3960 i.
970 3922 1020 3960 nus
1039 3908 1179 3974 episcopus
1195 3903 1346 3966 humanus,
1363 3912 1471 3955 strenue
1487 3903 1655 3968 renuerint,
1670 3905 1754 3970 maius

171 3975 326 4028 recreatu.
356 3972 414 4026 Fuit
441 3975 483 4027 bie
511 3974 652 4043 episeopus
679 3975 812 4031 itomanus
838 3992 853 4031 a
877 3980 920 4034 die
968 3987 997 4033 et
1010 3974 1173 4044 frequentius
1190 3973 1331 4028 concilium
1346 3971 1457 4025 iialcnd.
1472 3969 1613 4037 Septemb.
1635 3973 1752 4028 e‘usdem

134 4055 228 4113 pirario
249 4043 349 4096 mensis
363 4040 434 4096 lunii
454 4044 515 4096 anui
530 4043 594 4107 adt,
610 4059 670 4097 cum
685 4044 738 4098 diro
753 4047 822 4101 Decii
845 4058 921 4102 eraut
969 4047 1031 4099 anni
1046 4043 1201 4098 convocarit
1214 4043 1379 4112 cyprianus.
1401 4041 1427 4093 iu
1442 4054 1497 4108 quo
1510 4041 1631 4108 euisoupi
1650 3990 1684 4096 di
1697 4042 1752 4096 aul·

134 4117 275 4174 ennsules.
292 4113 325 4166 ad
346 4126 391 4165 atr
405 4112 543 4181 Septemb.
562 4114 623 4166 anni
642 4118 789 4181 sequentis,
803 4113 879 4170 Gallo
893 4128 921 4172 et
969 4115 1060 4183 lragiis
1084 4115 1140 4167 suis
1163 4112 1235 4179 prius
1255 4111 1391 4165 decretum
1412 4111 1583 4164 roboramur.
1607 4113 1687 4167 Anno
1704 4113 1754 4168 257

137 4182 279 4236 Volusiano
301 4181 463 4236 consulibus.
489 4182 566 4236 Barda
590 4182 641 4237 boc
662 4184 720 4237 loeo
740 4200 773 4239 ea
794 4188 868 4241 detis
889 4188 917 4243 S.
970 4185 1180 4250 persecutionem
1194 4178 1750 4249 inChristianosmovertaterianosimp,

135 4254 251 4307 cornelii
275 4252 354 4305 tradit
375 4253 404 4308 S.
427 4251 577 4305 Cornelium
602 4254 651 4306 sub
674 4253 754 4307 Decio
778 4256 920 4322 plumbatis
968 4251 1236 4321 quandossypriauus
1256 4249 1425 4304 cotiiessione
1443 4262 1535 4302 eoram
1558 4252 1675 4317 dapasio
1694 4266 1753 4318 pro·

136 4337 234 4376 ameum
248 4333 276 4376 et
289 4332 381 4389 postea
395 4320 553 4375 decollatum
568 4339 574 4373 :
590 4322 647 4376 baec
660 4332 734 4378 certe
747 4336 840 4392 aperte
855 4327 918 4379 laisa
970 4322 1081 4377 consule
1095 4323 1160 4376 iacta
1172 4323 1197 4373 in
1210 4319 1333 4373 exsilium
1345 4318 1468 4381 mittitur,
1480 4317 1603 4372 Curubas
1615 4321 1755 4388 provincie

135 4402 209 4455 sunt,
229 4401 256 4445 et
277 4407 291 4442 a
314 4390 427 4444 hironio
452 4391 548 4444 irustra
571 4399 680 4456 tentata,
699 4393 744 4459 qui
768 4394 794 4446 in
819 4403 918 4447 textum
972 4393 1121 4459 Leugiianae
1144 4391 1297 4458 relegatus,
1318 4399 1345 4442 ei
1373 4400 1443 4441 anno
1462 4400 1592 4455 sequente
1613 4391 1648 4442 ab
1666 4390 1757 4444 exsilio

137 4462 208 4517 becii
224 4476 320 4514 nomen
340 4461 479 4528 irrepsisse
494 4462 565 4521 rult,
587 4460 684 4527 eteius
706 4462 764 4514 ioco
784 4462 919 4517 substituit
935 4440 960 4499 ⁰
972 4472 1101 4516 retractus
1126 4459 1222 4527 eapitis
1248 4460 1405 4520 damnatur,
1432 4457 1473 4509 air
1499 4457 1578 4535 plane
1607 4459 1755 4522 ntirabilis.

137 4531 319 4584 Volusianum.
342 4529 406 4583 Nam
426 4544 519 4583 ornnes
537 4529 582 4583 alii
604 4528 675 4583 berit
696 4544 791 4584 nomen
814 4547 921 4599 semper
971 4532 1126 4586 Christianae
1140 4530 1244 4596 pietatis
1258 4527 1345 4580 cultor
1359 4540 1488 4588 summus,
1504 4526 1655 4594 disciptinae
1668 4531 1754 4584 eoele-

138 4601 297 4667 pretorem,
313 4599 382 4667 quod
397 4599 476 4652 etiam
491 4600 516 4651 in
531 4599 658 4653 Breriarii
674 4600 786 4653 Romani
800 4601 920 4657 lectioni·
971 4603 1087 4655 siasrieae
1102 4610 1129 4653 et
1143 4597 1302 4665 episcopalis
1318 4594 1454 4661 potestatis
1468 4595 1565 4648 vindex
1581 4599 1739 4652 acerrimus.

138 4672 188 4724 ltus
207 4673 341 4725 recitatur.
364 4673 429 4724 deta
448 4670 527 4737 igitur
548 4669 666 4736 martyrii
686 4672 833 4724 nutriterina
848 4682 920 4725 suot.
1008 4669 1137 4724 ‘Gracia
1159 4668 1271 4733 Quiarrdo
1294 4664 1429 4718 ileraelius
1453 4665 1614 4731 imperator,
1638 4666 1756 4721 chosroe

138 4738 347 4808 Gattuspuidem
360 4737 512 4793 Corneliurm
527 4739 560 4791 ad
576 4739 767 4792 Ceritamcetias
782 4740 920 4810 relegarit,
971 4754 1033 4821 rege
1053 4739 1167 4802 devicto,
1181 4752 1239 4791 eain
1255 4733 1289 4788 de
1310 4734 1418 4788 Perside
1432 4735 1647 4804 itierosotpmam
1666 4752 1756 4806 repur-

139 4809 225 4863 loeum
239 4808 441 4879 perjucundum,
450 4819 480 4862 ut
492 4817 603 4861 testator
614 4808 729 4872 Plinius;
738 4819 765 4863 et
774 4812 921 4864 assentien·
971 4818 1046 4862 tarit.

136 4881 199 4932 dum
211 4888 253 4932 est
262 4880 363 4931 auctori
377 4877 549 4932 remotissimi
560 4877 689 4945 catalogi,
699 4881 743 4946 qui
759 4892 846 4933 narrat
861 4897 921 4935 eurn
1010 4877 1019 4916 ¹
1041 4876 1200 4931 Nicomedia.
1217 4875 1309 4929 Romae
1325 4876 1366 4925 ria
1382 4871 1547 4926 Nomentana
1563 4872 1593 4927 ll.
1606 4872 1756 4930 Nicomedis

136 4947 326 5001 (huiumeellis
349 4946 537 5001 dormitionem
565 4947 713 5014 accepisse.
741 4949 779 5001 lle
807 4949 922 5005 neiando
972 4950 1136 5018 presbyteri;
1152 4947 1196 5012 qui
1211 4961 1270 4998 cum
1286 4943 1386 4996 diceret
1400 4943 1756 5006 compellentibussesaeri·

136 5017 281 5071 schismate
294 5017 371 5085 euius
383 5016 545 5070 Noratianus
560 5016 684 5083 princeps
697 5025 765 5079 erat,
784 5018 873 5072 ituram
887 5020 920 5073 it·
974 5020 1075 5072 heare:
1094 5034 1104 5068 a
1123 5017 1176 5094 ligo
1191 5029 1243 5068 non
1259 5013 1379 5066 saeribco
1402 5012 1454 5090 nisi
1471 5011 1525 5091 ileo
1539 5013 1728 5083 omnipotenti,
1743 5031 1754 5066 r

137 5087 254 5156 legitime
272 5087 410 5139 ordinatus
429 5087 582 5154 episeopus.
603 5100 664 5139 eum
684 5086 824 5140 Cornelius
844 5100 921 5142 antea
973 5086 1115 5157 plumbatis
1129 5085 1277 5138 diutissime
1296 5096 1400 5142 caesus,
1415 5091 1538 5147 migrarit
1553 5082 1586 5133 ad
1605 5082 1756 5140 ὓοωίηιω.

136 5154 197 5259 3¹⁸¹}
207 5156 292 5278 {rung
303 5155 404 5276 {eodinus
418 5167 510 5276 {er
520 5156 580 5277 ridp1
599 5156 629 5211 S.
633 5154 769 5278 TCpeplrissm
785 5157 920 5226 epistolas.
973 5156 1102 5279 Διειειδὸι.
1118 5155 1223 5276 innoti}
1238 5151 1632 5275 Νξοιξὶῂεέηζιιὲἑιξιίιέὲὲιξῗὲἰω
1670 5232 1757 5276 mm

230 5240 258 5278 er
331 5240 404 5277 cera
436 5240 548 5288 .e,ee.,
583 5241 619 5277 m.
657 5263 664 5276 .
742 5263 750 5278 .
1057 5237 1186 5279 ‘aenaim
1224 5241 1240 5277 u
1640 5261 1649 5283 .

171 5292 185 5331 ⁸¹
204 5295 337 5364 Cypriani.
357 5294 597 5360 Carthaginiensis,
627 5295 692 5348 artis
714 5295 838 5348 oratorie
858 5313 922 5363 pro·
972 5295 1127 5351 remorato.
1141 5294 1189 5347 liic
1203 5306 1270 5345 unus
1283 5290 1332 5343 luit
1340 5304 1373 5343 ea
1388 5303 1500 5342 numero
1513 5301 1668 5344 sanctorum
1681 5292 1756 5358 puio·

135 5364 253 5419 fossione
266 5364 341 5417 clari.
360 5363 407 5416 liic
426 5365 502 5432 luinge
516 5365 644 5429 iuniorem
659 5364 719 5416 ritae
737 5374 838 5431 partem
854 5368 924 5421 inter
973 5365 1096 5434 piiagiuta
1116 5364 1161 5432 qui
1183 5359 1345 5427 temporibus
1363 5359 1489 5411 Antonini
1509 5355 1571 5411 Veri
1593 5359 1716 5431 Lugduni
1730 5362 1755 5414 iti

136 5436 247 5493 gentiles
258 5435 538 5487 idololatriaeasserior
551 5434 687 5502 transegit,
696 5433 780 5486 dorice
792 5436 923 5490 mediante
973 5448 1108 5488 carcerem
1124 5432 1190 5484 trusi
1203 5440 1282 5493 sunt,
1298 5430 1395 5495 cuique
1408 5442 1468 5481 eum
1487 5426 1518 5480 B.
1534 5425 1670 5492 itaroetro,
1687 5440 1756 5492 pate·

136 5499 244 5556 caecum
258 5503 413 5570 presbytero
425 5503 637 5569 Carthaginiensi
649 5517 720 5555 anuo
731 5502 783 5557 itu
796 5505 828 5556 ad
844 5504 922 5559 tidem
975 5505 1051 5559 laetis
1067 5501 1196 5557 custodia
1207 5501 1333 5553 diuinitus
1351 5497 1484 5555 claustris,
1503 5497 1617 5561 auirrgit.
1639 5499 1758 5572 Curaque

138 5571 234 5626 Christi
250 5572 363 5626 transiit.
378 5572 498 5627 Ereuote
511 5586 581 5625 aueo
591 5569 645 5624 eti
661 5572 798 5641 presbyter
810 5573 923 5628 Carilra·
973 5574 1008 5628 ad
1029 5572 1167 5641 prefatum
1189 5580 1306 5624 castrum
1328 5567 1505 5632 pervenisset,
1527 5575 1557 5620 et
1575 5566 1682 5622 [lumini
1696 5570 1757 5623 desa

139 5639 267 5703 albiensis
290 5642 374 5696 hetia
397 5651 455 5707 est,
480 5654 602 5708 annoque
626 5642 797 5709 insequente,
820 5643 923 5713 etiarn
974 5643 1072 5697 ebriati
1089 5655 1185 5694 nomen
1205 5637 1364 5706 predicans,
1379 5633 1507 5705 plurium
1526 5635 1587 5714 ipra
1601 5637 1756 5706 inspirante,

141 5708 249 5776 adulto,
269 5709 430 5779 eibagitante
445 5714 523 5781 plebe
535 5720 563 5766 et
578 5724 647 5781 pene
660 5712 795 5777 rapiente,
811 5712 924 5782 ipsomet
976 5714 1009 5766 ad
1022 5713 1081 5781 eius
1096 5709 1175 5765 Mem
1187 5706 1377 5767 euenisset.
1393 5713 1535 5760 reuertenti
1549 5706 1586 5760 ab
1599 5710 1669 5766 urbe
1681 5707 1748 5762 eati
