3802 6126
143 108 216 169 rans
502 112 603 170 oens
625 113 850 173 assertionis
867 113 945 172 ooo.
965 113 1053 172 rsus
1071 114 1115 171 tr.
1132 143 1165 154 -
1185 74 1376 171 tttsrontcs
1722 78 1796 176 sona

783 222 897 280 tortio
913 222 1147 281 colomensis.

143 317 206 369 coni
221 313 272 369 sub
288 314 379 381 lireio,
392 313 435 384 qni
450 323 511 385 post
525 313 638 383 plurima
654 320 789 369 tormenta
806 315 936 381 carceris,
953 334 976 393 Α
990 322 1078 370 menta
1100 315 1126 369 in
1138 312 1220 368 domo
1234 313 1341 383 propria
1355 311 1445 384 madio
1457 314 1583 384 percuti,
1596 322 1626 372 st
1639 316 1683 373 sic
1695 331 1798 396 marty·

147 406 290 463 rerlrerunt
303 405 468 463 diuersarum
485 405 643 461 laminarum
657 404 862 473 ardcrrtinm,ad
875 406 938 461 ulti·
990 405 1058 459 rium
1081 404 1287 460 consummarit.
1310 403 1445 461 Praedicta
1463 419 1532 462 sero
1553 406 1660 464 Serena
1675 408 1798 481 asanaa

147 514 219 555 munt
245 500 272 555 io
293 499 420 555 craticula
444 497 531 552 ferrea
556 507 672 561 assatus.
688 499 844 571 martyrium
863 513 937 556 coru·
989 496 1095 565 collegit
1109 509 1206 566 corpus
1220 505 1321 551 sanctae
1339 495 1469 568 virginis.
1486 505 1516 554 et
1535 501 1700 572 sanguinum
1716 517 1796 574 quan

147 590 240 660 pteris.
258 591 334 646 lianc
356 600 447 644 antem
468 589 555 658 primo
568 589 656 645 adbuc
673 591 832 660 ereprrsculn
851 593 939 660 rapuit
989 587 1109 652 suderat,
1125 587 1153 640 in
1173 587 1269 642 eodem
1291 587 1352 643 loco
1365 603 1427 644 cum
1443 605 1494 644 stro
1508 590 1646 647 velamine
1669 594 1797 660 territet

146 697 244 752 corpas
265 682 324 751 ejus
348 680 517 751 Hippolytus,
533 690 559 735 et
575 681 694 736 condivit
714 696 776 738 cum
798 681 888 738 linteis
909 694 938 738 ει
989 681 1079 750 posuit
1091 680 1116 733 in
1131 694 1210 748 capsa
1225 688 1352 751 argentea
1374 680 1402 736 in
1417 680 1519 751 palatio
1539 695 1609 749 suo,
1624 683 1672 739 abi
1689 684 1734 741 die
1748 699 1796 741 oo-

146 773 329 837 aromatibus,
356 786 417 826 curn
445 771 523 826 bearn
550 771 656 827 lustina
684 774 859 845 presbytero,
880 775 936 845 jam
987 780 1085 841 ctnqne
1108 770 1210 826 lurtiris
1227 771 1329 826 vicibus
1350 785 1428 827 orare
1443 786 1498 826 noo
1525 773 1666 828 cessabat.
1690 772 1796 846 Coro·

146 863 297 929 vespertina
310 860 421 927 bonnet
430 861 595 930 sepeliemnt
605 863 631 917 in
642 863 830 933 agrolerano.
844 864 937 920 {luntre
987 869 1075 917 antem
1099 872 1200 918 sanctae
1218 862 1349 919 smannae
1364 864 1422 934 lpse
1445 864 1570 920 manibus
1592 866 1654 922 suis
1675 870 1794 939 ornarit,

147 952 260 1006 militnm
285 966 350 1008 ιιι.
378 950 454 1008 Tunc
479 954 550 1023 passi
573 959 636 1008 sunt
656 954 935 1026 Claudiusscreros,
987 967 1048 1008 cum
1073 953 1270 1010 linteaminibus
1295 963 1325 1008 et
1347 955 1531 1025 aromatibus,
1547 964 1576 1012 et
1602 955 1696 1026 posuit
1720 957 1794 1029 iaxta

144 1043 317 1099 crescentius
330 1050 359 1099 ct
370 1041 507 1099 llornanus
521 1042 579 1113 ipso
592 1044 646 1101 die.
986 1058 1098 1114 corpora
1119 1053 1274 1100 sanctorum
1291 1044 1319 1100 in
1333 1046 1491 1102 ammonaria
1506 1046 1670 1102 Alexandri.
1695 1047 1732 1103 Et
1744 1049 1793 1104 de·

181 1135 212 1191 Ρ.
229 1135 261 1192 lll
275 1136 335 1192 locs
348 1137 416 1194 doe.
441 1135 533 1192 nonis
556 1139 625 1193 inter
649 1138 715 1193 duas
737 1139 825 1195 lauros
849 1141 937 1198 natale
988 1135 1087 1206 positio
1100 1134 1242 1205 Gaudetis?
1256 1134 1375 1205 ιιῑιιοιιὶ
1390 1142 1418 1190 el
1439 1133 1618 1203 confirmeris,
1635 1137 1683 1193 otti
1708 1152 1792 1195 xssttr

145 1229 229 1284 macti
242 1229 354 1285 Tibnrtii
370 1230 513 1302 martyris,
529 1231 573 1300 pul
586 1230 662 1300 jussu
684 1231 792 1288 Fabiani
815 1233 937 1304 praesidis
986 1240 1072 1281 inoliti
1084 1225 1337 1280 &munitionum
1349 1225 1419 1280 felli
1432 1223 1598 1280 Ecclesiam·

144 1334 226 1390 snper
250 1335 350 1390 prunas
371 1319 497 1376 ardentes
520 1321 598 1376 nudis
622 1321 734 1392 pedibus
760 1323 897 1391 incedens,
909 1323 936 1379 in
1022 1316 1055 1371 G.
1070 1315 1147 1371 Paro.
1164 1315 1224 1372 loos
1240 1317 1308 1371 soe.
1327 1314 1355 1369 ln
1370 1314 1460 1372 Sicilia
1475 1316 1586 1371 civitate
1601 1314 1791 1375 Gatincrtsirrru

145 1412 218 1465 nollo
232 1410 311 1466 laesos
324 1420 376 1468 est.
389 1411 483 1468 Postea
495 1427 585 1469 veroa
598 1412 725 1483 predicto
738 1412 865 1483 Fabiano,
881 1430 937 1469 ma·
988 1407 1076 1462 natale
1089 1406 1165 1477 Eupli
1187 1406 1304 1464 diaconi.
1319 1406 1370 1475 Qui
1389 1421 1450 1462 com
1470 1406 1629 1462 diutissime
1652 1415 1790 1481 tamnes·

143 1507 269 1563 sirinante
287 1507 424 1574 ‘irrrnuatn
445 1514 576 1575 apostata,
590 1504 679 1576 gladio
694 1508 935 1573 transverberatus,
987 1510 1041 1568 tur,
1056 1498 1205 1555 decollatus
1227 1506 1271 1555 cst
1290 1513 1306 1555 a
1321 1496 1474 1554 Caluisiano
1494 1497 1657 1564 contentari,
1670 1507 1792 1572 tempora

143 1600 302 1670 martyrium
317 1598 442 1668 explerit.
467 1597 532 1652 ltem
548 1597 640 1653 Romae
655 1599 743 1655 natale
764 1608 865 1655 sanctae
883 1598 936 1657 Su·
987 1590 1145 1647 Diocletiani
1157 1598 1186 1647 ει
1196 1587 1360 1646 llaaimlani.
1377 1589 1477 1645 Eodem
1492 1590 1538 1644 die
1550 1599 1656 1646 sauctae
1671 1591 1789 1661 llilaria,

142 1707 236 1758 sannae
257 1689 379 1762 virginis,
403 1707 463 1762 que
489 1689 539 1745 init
566 1689 620 1745 lilia
646 1689 750 1747 Gabinii
774 1690 935 1764 presbyteri,
987 1678 1572 1751 milriwntiaebfwmffltfii·01¹³⁰⁰m
1586 1680 1622 1735 Μ
1634 1682 1787 1752 “pulcrum

143 1784 234 1839 fratris
248 1780 305 1837 Gaii
319 1796 405 1852 pape.
422 1781 485 1837 llaec
497 1795 562 1851 ergo
576 1782 627 1836 sub
642 1781 807 1837 Diocletiano
820 1782 936 1852 impera·
950 1801 973 1863 Β
986 1776 1046 1846 ejus
1065 1775 1230 1839 excubaret.
1244 1771 1343 1828 ibidem
1354 1786 1407 1858 ¹litt
1421 1772 1474 1828 lide
1485 1772 1588 1828 coristi
1604 1787 1620 1828 a
1635 1782 1789 1844 pensents

142 1886 202 1931 tore
225 1888 304 1947 passa
325 1882 377 1940 est,
392 1887 425 1929 eo
439 1871 510 1943 quod
526 1870 608 1927 nollet
630 1871 745 1927 llarlmn
760 1872 815 1928 lilio
837 1874 895 1944 ejus
908 1874 935 1929 io
987 1864 1062 1920 ribbi
1085 1865 1140 1935 litii
1165 1863 1261 1920 millii
1282 1871 1344 1927 Ν,
1359 1878 1420 1918 clim
1441 1862 1526 1933 Dlsssi
1551 1875 1580 1919 et
1604 1864 1787 1932 Eumenia&

143 1967 268 2039 conjugio
290 1966 403 2030 sociari,
416 1966 463 2021 sed
478 1964 505 2020 in
519 1964 670 2035 virginitate
693 1979 858 2035 permanere,
871 1965 935 2021 bor·
987 1957 1132 2027 Εῠβΐθβῑθι
1146 1970 1207 2026 <1¹¹²
1220 1955 1327 2012 sterilli*
1341 1955 1436 2024 9⁰⁰¹&
1450 1964 1554 2010 ΜΞ
1564 1954 1653 2012 3¹¹·ae-
1669 1956 1700 2013 ¹⁸¹
1710 1957 1786 2033 Syll!

142 2067 217 2115 rante
228 2072 289 2114 eant
304 2057 372 2113 Gaio
386 2069 464 2126 papa,
478 2069 593 2111 necnon
608 2062 636 2109 et
648 2053 748 2110 Serena
763 2054 890 2125 stuprata,
906 2064 936 2112 ut
987 2050 1075 2106 natale
1090 2059 1242 2105 unctorum
1256 2048 1383 2102 llaclrmii
1399 2055 1426 2102 ει
1436 2046 1550 2104 iuliani.

140 2147 243 2202 stalrilis
271 2154 440 2216 permaneret
460 2145 488 2201 in
515 2143 567 2199 fide
594 2152 621 2201 et
644 2145 769 2200 csstitmc
796 2153 932 2215 perperna.
1023 2137 1322 2196 attaminatione
1336 2137 1422 2191 sancti
1439 2135 1592 2208 liippulpii,
1607 2138 1654 2210 qui
1668 2149 1786 2211 tmnpors

142 2238 255 2308 Propter
269 2235 320 2292 lios
333 2235 415 2305 jussit
432 2247 494 2290 cant
519 2232 701 2289 lliocletianns
725 2240 787 2305 post
804 2233 857 2289 alia
876 2240 937 2289 tnr-
991 2231 1062 2287 llecii
1076 2230 1164 2301 ligatis
1178 2228 1290 2300 pedibas
1302 2231 1336 2283 ad
1348 2226 1418 2283 colla
1433 2226 1632 2285 indomitorum
1642 2244 1784 2302 equorum,

767 2340 880 2399 eotrto
898 2338 1147 2400 ootubotsrta.

139 2456 243 2507 sorum,
265 2440 425 2496 laminarum
435 2437 598 2504 ardentium,
619 2436 653 2491 ad
669 2436 792 2492 ultimum
807 2433 835 2492 in
853 2436 934 2492 crati·
989 2429 1304 2495 cartusiensium,
1324 2428 1439 2485 tundens
1455 2428 1489 2484 td
1510 2427 1660 2489 Morinum
1682 2448 1783 2506 wsoes.

140 2534 199 2589 cula
215 2531 299 2587 ierrca
312 2537 419 2586 assatos
431 2529 590 2600 martyrium
601 2527 757 2597 complevit.
988 2525 1043 2581 ictu
1054 2522 1138 2595 gladii
1153 2521 1321 2588 verberatus.
1336 2519 1461 2591 migrarit
1475 2521 1511 2576 ad
1536 2520 1688 2580 Christum.
1713 2523 1784 2584 Seti-

176 2622 209 2679 l.
224 2621 267 2688 0.,
284 2621 317 2678 Et
330 2623 381 2676 rita
396 2632 547 2676 sanctornm
571 2629 674 2690 septem
699 2617 811 2675 iratruru
827 2626 840 2656 ⁸
864 2618 933 2674 llor-
986 2625 1060 2686 ptura
1076 2615 1101 2669 in
1116 2613 1205 2670 Gestis
1220 2612 1250 2668 B.
1267 2610 1429 2669 sebastiani.

142 2695 294 2750 mierrrinm.
309 2693 351 2758 8.,
366 2693 399 2747 lit
412 2691 473 2746 alibi
491 2689 699 2756 crescentionis,
716 2688 846 2760 ianuarii,
860 2690 930 2745 Exu-
1029 2704 1101 2760 ,Μ
1115 2703 1210 2758 prom
1222 2702 1339 2758 ipram:
1357 2702 1457 2758 popm,
1472 2704 1519 2760 αἱ.
1532 2704 1560 2761 j„
1575 2704 1664 2763 (hm,
1679 2710 1784 2768 cmm·

141 2766 238 2837 llfflfi·
989 2798 1133 2853 cameram
1147 2791 1340 2863 asperiensi
1350 2793 1491 2867 Gangerlci
1505 2795 1629 2868 episcopi
1642 2799 1784 2871 (darem

179 2873 223 2927 ll.
238 2900 274 2912 -
285 2867 317 2924 ill
343 2868 412 2924 lons.
434 2867 527 2923 Rome
548 2865 577 2922 S.
594 2864 608 2905 ¹³
623 2864 736 2922 libanii
755 2864 882 2937 martyris
908 2872 936 2920 et
993 2890 1053 2958 Α),
1065 2888 1111 2959 qui
1122 2896 1150 2944 et
1163 2902 1267 2958 magn„
1278 2887 1448 2945 ,mamm
1462 2904 1625 2963 ,nmque
1639 2896 1782 2970 „pm

146 2975 158 3002 r
173 2963 314 3019 Susanna.
989 2985 1019 3035 et
1030 2979 1263 3051 elecmosynarum
1278 2979 1433 3050 largitores
1453 2980 1654 3042 miraculorum
1669 2996 1784 3061 petram

180 3052 284 3107 Excidit
300 3052 358 3106 baec
373 3051 400 3105 in
416 3050 448 3105 ri.
460 3048 493 3105 Τ.
510 3048 552 3111 L..
568 3046 632 3103 dum
647 3047 724 3105 istius
737 3057 812 3120 gesta
831 3048 870 3103 sic
889 3047 937 3104 de·
986 3068 1037 3126 purg
1050 3086 1057 3123 :
1072 3068 1140 3126 015,
1156 3069 1265 3124 'swani
1280 3069 1371 3126 [μιῆς
1384 3069 1455 3140 ejus,

151 3144 243 3199 scribit
258 3142 370 3198 Florus:
385 3140 435 3208 Qui
448 3140 482 3195 de
503 3152 581 3194 sacru
595 3138 669 3194 irrntc
691 3154 706 3193 a
724 3138 755 3194 B.
775 3138 936 3195 Sebastiano
1022 3161 1056 3218 q·
1071 3159 1103 3220 B·
1115 3160 1160 3229 0„
1175 3161 1210 3216 El
1220 3160 1309 3232 mmo
1325 3160 1353 3217 3
1372 3160 1529 3219 swani·

143 3244 283 3303 succptns
297 3240 326 3288 ει
343 3230 370 3287 in
382 3230 435 3287 ilde
445 3229 543 3286 Cirrlsti
564 3232 718 3296 roboratus,
733 3243 794 3284 cunr
807 3227 933 3301 figmenta
1023 3251 1068 3308 η,
1082 3283 1117 3295 ,.
1131 3252 1153 3308 ῃ
1169 3253 1240 3308 rpus,
1256 3251 1283 3307 p„
1296 3252 1387 3309 sicin.
1401 3253 1512 3311 (pam
1524 3255 1722 3318 emman.
1735 3276 1780 3319 ῃ.

143 3327 275 3381 idolorum
290 3324 477 3387 detestaretur,
498 3336 513 3375 a
528 3320 647 3377 Fabiano
668 3320 794 3390 praetecta
808 3326 1039 3402 compre-(2121⁰
1056 3344 1269 3416 5⁰91341³00ffi3
1287 3343 1333 3414 qui
1354 3359 1416 3401 eum
1432 3345 1588 3406 diutissime
1602 3358 1780 3424 amquam,

143 3418 243 3471 irritati
257 3424 309 3470 ⁰¹¹·
326 3411 469 3485 (flamm
488 3410 535 3482 Α·)
561 3410 631 3467 ⁸⁰¹⁸
654 3411 733 3481 ⁰⁰l¹¹⁸
757 3412 839 3481 καθ’
864 3412 934 3467 mm
987 3439 1190 3497 decollatusest
1211 3455 1227 3495 a
1249 3437 1400 3496 calvisione
1421 3439 1462 3512 [G.
1488 3442 1619 3500 Lusiaoe.
1645 3444 1680 3501 B.
1705 3448 1780 3504 Clau-

143 3508 284 3577 prariectus
309 3505 442 3561 carbones
464 3502 591 3559 ardentes
618 3502 713 3558 elindit
738 3502 849 3561 dicens:
878 3506 933 3560 Aut
989 3531 1086 3606 siano]
1108 3533 1254 3602 consulari.
1268 3542 1388 3603 [empore
1407 3531 1568 3590 modestam
1581 3537 1781 3596 mmmm

143 3603 222 3654 tlrura
237 3597 264 3654 in
280 3597 339 3654 istis
353 3597 514 3698 carbonibus¹
529 3597 628 3700 adjice,
650 3606 697 3652 aut
722 3597 834 3701 pedibus
858 3598 935 3656 nodis
1023 3623 1068 3687 p„
1083 3624 1174 3678 pom
1189 3624 1278 3679 „mate
1291 3622 1452 3693 ctnysnntbi
1478 3634 1507 3683 et
1533 3624 1636 3684 bariae.
1655 3628 1684 3686 ln
1706 3631 1781 3705 Syria

142 3703 225 3758 super
249 3702 297 3745 cos
319 3687 424 3743 incede.
445 3689 480 3742 rit
507 3685 554 3742 alle
576 3702 682 3758 signum
711 3702 800 3759 crucis
824 3690 935 3760 iaciens,
990 3695 1078 3750 natale
1092 3694 1279 3750 §.maetam
1295 3694 1445 3751 rtiuliani.

145 3788 300 3837 constanter
314 3793 454 3849 supereos
466 3779 535 3834 nuda
548 3781 684 3850 ingressus
698 3790 740 3835 est
752 3781 852 3851 planta.
869 3783 937 3840 ilinc
1026 3783 1070 3840 ιδ.
1083 3814 1117 3826 -
1133 3784 1230 3841 tnrnrr.
1251 3785 1344 3840 Romae
1367 3784 1398 3842 S.
1427 3782 1438 3824 ¹
1456 3782 1571 3856 ipoliti,
1595 3789 1645 3861 qui
1665 3799 1781 3862 tempure

853 3873 957 3934 sttttu
976 3873 1089 3932 NOTAE.

181 3964 196 3995 ¹
216 3960 412 4018 Dormientium.
434 3962 474 4018 lle
491 3961 534 4018 iris
546 3963 607 4018 ride
619 3979 692 4018 xxrrt
705 3963 789 4021 lunii.
987 3966 1181 4023 Alexandrum.
1194 3964 1303 4029 Sonans,
1325 3976 1390 4022 tntu.
1411 3966 1457 4023 tv.

124 4019 131 4065 ⁹
179 4031 326 4088 bl'tltrrtii.
355 4033 416 4090 Filii
437 4035 598 4090 chromatii.
620 4035 668 4089 llic
693 4035 857 4102 ternporibus
872 4035 935 4092 llio·
1023 4035 1205 4106 ‘cooperiet
1222 4038 1321 4091 Enosis
1334 4037 1480 4093 Galliarum
1493 4038 1609 4107 oppido,
1625 4041 1698 4113 quod
1709 4054 1780 4096 nuno

144 4104 261 4170 oleriani,
283 4118 298 4158 a
321 4103 470 4175 torquato,
495 4105 540 4175 nni
562 4106 690 4160 mentitos
704 4115 747 4161 est
761 4105 934 4162 serristia·
988 4107 1106 4164 lindiam
1124 4107 1230 4172 dicitur,
1254 4108 1371 4172 oriundi.
1390 4123 1471 4177 quero
1485 4108 1516 4163 S.
1540 4110 1782 4180 llagncrieasi'rr·

145 4192 220 4242 num,
234 4173 326 4229 lraodc
338 4184 434 4244 egerite
455 4184 721 4242 quamnusorantem
737 4175 765 4232 S.
783 4175 932 4232 Tiburtium
987 4181 1107 4235 virornm
1136 4178 1280 4246 episcopua
1299 4177 1426 4233 clericnru
1450 4189 1478 4234 et
1502 4178 1614 4235 lerinam
1640 4183 1780 4239 ordinarit.

143 4245 401 4314 comprehenderent
414 4244 545 4310 inirdcles,
559 4243 689 4314 proditos,
702 4247 935 4302 obtruncationem
951 4243 1146 4316 lllledulplros
1161 4246 1263 4303 interea
1285 4246 1487 4304 Cameracensis
1501 4252 1651 4318 episcopos
1666 4252 1743 4319 obiit,
1754 4260 1781 4311 et

144 4318 242 4384 capitis
256 4315 349 4369 subiit.
367 4314 433 4370 llide
459 4315 523 4370 Acta
549 4314 579 4371 S.
605 4311 753 4371 Sebastiaoi
776 4316 846 4386 apud
874 4317 937 4373 Bul·
987 4319 1154 4389 Gangericus
1168 4319 1287 4373 omniurn
1309 4332 1443 4373 consensu
1466 4320 1501 4374 ab
1527 4320 1779 4392 AEgidiaeptscsps

143 4387 217 4441 land.
234 4400 268 4441 ιι
286 4383 397 4440 lartoar.
988 4389 1131 4447 lllremensi
1151 4387 1179 4443 io
1198 4386 1385 4444 Cameracensi
1407 4389 1472 4444 sede
1490 4391 1643 4447 collocatus
1653 4403 1708 4450 cst.
1720 4390 1779 4450 rte·

181 4456 351 4511 asanais.
380 4455 530 4528 Presbyteri
559 4454 675 4522 Gabinii,
697 4455 742 4527 qni
766 4470 846 4521 supra
870 4472 935 4513 arur
987 4476 1038 4516 nus
1060 4462 1189 4515 bonorum
1214 4473 1325 4526 opernm
1352 4468 1380 4513 et
1404 4460 1508 4516 dierum
1537 4459 1564 4515 in
1594 4478 1663 4529 pace
1684 4464 1778 4533 sumsit

145 4528 224 4582 Febr.
240 4527 349 4590 colitur,
365 4525 417 4580 illia
445 4528 502 4581 laec
523 4527 583 4592 tuit,
608 4537 635 4582 ει
658 4531 747 4596 neptis
772 4525 829 4581 Caii
849 4541 935 4595 pape,
987 4546 1059 4587 antro
1072 4528 1255 4596 bomini'blll,
1267 4531 1438 4598 episcopatus
1451 4527 1496 4583 59.
1512 4529 1647 4598 Sepultus
1658 4530 1778 4603 cstapsl

143 4599 187 4664 nni
201 4611 281 4669 supra
296 4598 392 4652 colitrrr
416 4612 451 4652 ιι
473 4596 553 4653 Febr.
578 4598 675 4663 otram,
690 4612 751 4654 cnm
767 4597 817 4652 luit
831 4595 937 4654 iormo·
987 4601 1163 4658 Cameracum
1186 4601 1212 4653 in
1229 4599 1338 4655 basilica
1353 4613 1433 4669 qoam
1457 4601 1515 4669 ipse
1528 4610 1722 4659 construxerat
1733 4616 1777 4658 ss·

143 4668 261 4730 sissima.
275 4667 455 4724 Diocletianus
471 4669 580 4723 mittens
592 4669 731 4724 Claudium
744 4668 934 4724 consobrinum
987 4672 1059 4726 mine
1080 4671 1111 4729 S.
1127 4670 1264 4726 liedardi:
1280 4670 1328 4725 scd
1342 4672 1404 4727 inde
1417 4685 1478 4726 cum
1492 4674 1691 4730 carrorrieorutn
1700 4673 1778 4731 colle·

143 4754 221 4793 snum
246 4737 370 4804 Gnlrlnlo,
399 4738 561 4794 blaxirniano
586 4737 686 4794 Caesari
713 4752 822 4794 uxorem
849 4739 934 4808 petiit.
985 4746 1029 4810 gio
1045 4742 1190 4798 translatus
1212 4751 1254 4796 est
1273 4741 1307 4795 ad
1328 4740 1469 4797 ecclesiam
1485 4741 1516 4798 S.
1535 4742 1661 4814 vedasti,
1695 4742 1777 4800 aaut

143 4807 233 4872 linter,
248 4807 376 4864 drlatione
389 4810 530 4877 postulata,
545 4809 605 4864 illie
620 4809 645 4864 id
659 4809 746 4878 aperit
765 4823 855 4864 cora·
869 4808 935 4869 Caio
985 4827 1020 4867 eo
1039 4814 1119 4867 ctiam
1135 4811 1165 4866 S.
1185 4810 1327 4882 Gangetici
1343 4812 1414 4865 dicta
1437 4819 1491 4867 est.
1516 4812 1650 4870 uocaset
1673 4759 1709 4873 20
1729 4812 1773 4872 ffl-

143 4893 227 4947 papa·;
248 4886 337 4934 tamen
359 4881 447 4934 rcnnit
466 4881 522 4944 ilia,
536 4881 635 4950 quippe
650 4879 733 4947 patris
753 4880 859 4935 barrato
873 4893 932 4937 aro·
986 4884 1080 4954 belgii.
1094 4882 1173 4937 Gnts.
1189 4881 1329 4937 Senensts.
1348 4881 1457 4948 steros,
1471 4892 1539 4937 tom.
1553 4883 1601 4939 lv.

142 4949 223 5017 plexa
236 4949 424 5017 virginitatem.
441 4949 553 5005 Claudio
567 4962 656 5006 summ
671 4965 733 5006 eam
758 4952 855 5005 iterum
882 4965 933 5020 pe·
1024 4961 1036 4989 ⁰
1061 4951 1190 5009 Cassiani.
1207 4951 1307 5008 Forsan
1323 4954 1367 5008 bic
1378 4952 1448 5008 idern
1466 4961 1510 5008 est
1522 4966 1588 5010 cunr
1601 4969 1637 5012 eo
1649 4955 1696 5027 qul
1709 4971 1724 5010 r
1735 4952 1772 5010 rei

140 5029 223 5085 rente.
241 5021 296 5088 ipsa
315 5034 373 5089 epis
387 5021 506 5076 osculnm
519 5029 654 5088 arenata,
681 5021 803 5076 bortatur
824 5037 886 5076 curu
900 5022 934 5078 ad
985 5039 1033 5080 arn
1049 5024 1092 5079 die
1106 5022 1186 5092 brrjus
1199 5024 1299 5078 mensis
1312 5023 1476 5080 celebratur.

143 5093 320 5158 tapsismum3
344 5104 394 5146 nec
408 5090 492 5146 multo
508 5099 568 5161 port
582 5108 595 5145 a
611 5091 676 5147 Cain
691 5106 757 5163 papa
772 5105 832 5146 curn
850 5107 934 5148 uxnre
1024 5093 1033 5135 l
1057 5093 1163 5164 l'pnliti.
1180 5098 1201 5148 tt
1226 5094 1257 5150 B.
1274 5092 1427 5160 lauretum,
1443 5094 1489 5163 qul
1504 5108 1587 5166 supra
1602 5112 1619 5153 x
1634 5095 1679 5153 dio
1693 5097 1773 5166 bapt·

139 5170 169 5213 ct
184 5162 274 5215 laberis
289 5169 317 5215 et
337 5159 453 5215 llarirnn
467 5160 549 5215 tratre
565 5163 714 5231 baptizator
727 5173 780 5218 est.
795 5161 862 5216 Cum
885 5177 934 5217 ao·
984 5166 1018 5218 sti
1034 5167 1143 5228 colitur,
1166 5163 1210 5219 ltic
1225 5165 1258 5218 ad
1274 5163 1353 5219 lldcrn
1376 5177 1526 5221 conversus
1550 5166 1711 5235 baprtiaatoa.
1725 5172 1770 5222 es·

142 5238 195 5290 trin
211 5232 296 5286 trnluit
312 5229 466 5287 Diocletiani
492 5231 562 5285 rotis
584 5233 740 5297 convenire,
765 5232 845 5302 jussit
872 5232 933 5289 llin-
984 5233 1042 5289 Non
1058 5236 1109 5290 snb
1124 5235 1213 5298 becio,
1229 5242 1257 5289 ut
1274 5233 1461 5304 ttarmmtngia
1480 5246 1509 5289 ει
1522 5239 1592 5291 Acta
1613 5236 1644 5293 S.
1661 5236 1770 5292 baares·

140 5304 271 5356 ctetianus
291 5310 321 5358 ut
339 5302 409 5358 intra
432 5301 540 5357 dotatum
563 5318 639 5358 suant
667 5304 758 5374 glaudio
781 5301 931 5370 puniretur.
984 5305 1015 5358 tii
1030 5305 1100 5360 laiso
1113 5314 1248 5370 asserunt,
1271 5305 1318 5360 sed
1334 5303 1385 5360 sub
1407 5303 1552 5361 Valeriano
1568 5309 1661 5363 triduo
1674 5302 1767 5377 parib

140 5374 199 5432 lino
213 5375 281 5427 iacto
291 5374 391 5430 Serena
407 5373 524 5443 Augnsta
538 5384 617 5428 noctu
631 5383 839 5444 eorpnssanctae
860 5388 932 5429 roar-
985 5374 1156 5430 Laurentium
1184 5390 1278 5443 passus
1299 5386 1342 5431 est
1365 5389 1427 5430 cum
1452 5383 1508 5431 tnta
1532 5378 1644 5433 larnilia.
1660 5378 1768 5449 Quom

143 5443 207 5508 tyris
221 5443 341 5511 collegit,
354 5442 497 5513 posuitque
510 5441 584 5512 jrnu
606 5458 720 5514 corpora
735 5454 888 5501 sanctornm
903 5445 931 5499 in
984 5459 1098 5513 corpora
1113 5445 1142 5502 S.
1164 5444 1286 5503 lustinus
1308 5446 1335 5500 in
1356 5459 1453 5519 campo
1466 5448 1500 5504 ad
1522 5447 1592 5506 latos
1605 5450 1664 5521 apri
1681 5441 1768 5506 terso

142 5513 297 5566 crrrnctcrio
313 5515 472 5578 alexandri,
489 5514 514 5566 io
531 5515 693 5568 meritricio
710 5525 802 5585 crypta
813 5513 887 5584 juata
899 5514 930 5571 S·
983 5517 1116 5586 sepelivit.

356 5729 399 5761 ..J
