3802 6126
79 339 138 399 5⁰5

462 277 573 397 Ι8ΕΕΤ.
590 339 611 394 Ι.
633 338 798 397 ttouttbb.
821 367 853 378 -
871 334 935 390 Llll.
958 335 1000 392 ΙΙΙ.
1022 335 1103 391 tttrtt.
1126 335 1342 393 suburbata.

1673 335 1722 394 hod

80 459 173 513 oruuis
188 468 280 509 sermo
298 453 435 517 drmatur;
452 467 500 508 seu
514 456 575 523 «poia
590 463 705 524 quatuor
719 463 780 510 sunt
794 453 876 508 virtu·
892 453 1043 513 Ascuris?
1061 451 1184 506 Ostendit
1196 467 1226 507 se
1240 454 1335 513 beura,
1351 470 1395 519 qu.
1412 463 1496 521 potest
1514 454 1602 509 artrots
1616 460 1720 514 ‹reeulra

80 541 133 591 rer,
148 527 249 596 quibus
261 525 294 578 ad
310 514 511 592 promerendam
525 527 679 594 sospitatem
693 525 787 580 liducia
799 539 873 579 meu-

84 604 121 655 tis
135 597 261 665 erigitur,
275 595 309 650 de
329 595 425 663 quihus
450 596 475 648 in
504 603 611 650 aterna
635 596 774 660 saptentiae
798 596 874 651 burdo

80 670 182 724 dicitur
195 686 202 719 ι
214 666 387 722 sobrietatem
398 665 465 718 enim
481 677 505 720 rt
523 666 672 732 rapientium
684 668 768 728 docet,
782 677 806 720 et
817 670 876 734 jnr-

81 743 168 794 tit-‘aur
183 745 206 790 et
222 738 355 797 uirtutem,
374 738 466 807 picibus
483 736 571 789 utilius
583 735 648 789 nibil
662 747 699 790 ert
712 736 738 789 iu
759 738 811 790 aito
828 737 873 789 lio-

80 811 195 863 minibus
207 807 288 876 (Sep.
303 809 382 871 vrtrl;
398 821 465 875 qrras
487 806 607 860 nonnulli
623 807 736 860 dirersis
756 805 872 859 bomini·

82 882 134 935 bus
145 878 329 949 prudentiam,
341 876 535 940 hruruutaern,
550 879 753 944 temperantiam
769 887 796 932 et
810 876 871 945 jus·

81 953 169 1005 thiam
193 956 357 1016 nuncupant.
377 947 409 1000 lit
427 962 488 1001 cum
505 962 558 1001 nou
573 959 680 1016 possent
701 945 799 1001 offerre
811 962 872 1001 euin

80 1023 120 1076 illi
137 1037 194 1087 prae
207 1019 295 1082 turba,
312 1017 481 1071 nudaverunt
492 1027 590 1072 tectum
607 1017 651 1070 ubi
667 1026 735 1072 erat.
761 1017 873 1072 Deside-

80 1101 144 1147 rant
158 1087 458 1162 paralyticumcbristo
473 1087 581 1148 offerre,
598 1087 644 1141 red
659 1088 735 1140 trirlra
750 1087 869 1156 interpo-

81 1164 136 1215 sita
155 1161 191 1216 ab
204 1159 277 1212 ouini
293 1169 368 1225 parte
384 1158 605 1218 intercluduntur,
621 1159 681 1220 rpria
696 1173 768 1223 supe
783 1160 871 1212 anima

81 1241 145 1296 post
162 1231 248 1285 iusuni
263 1229 385 1293 eorporis
402 1228 532 1282 desirliaru
546 1228 578 1279 ad
595 1228 678 1282 [lenm
700 1229 869 1294 resipiscens,

79 1300 367 1366 sursseruaauregratiae
388 1301 506 1353 remedia
522 1298 632 1365 cupiens
652 1300 784 1359 innovari,
815 1301 870 1366 pri·

79 1387 137 1428 rcae
151 1369 354 1426 consuetudinis
373 1369 511 1422 obstaculo
523 1368 683 1423 retardatur.
703 1368 780 1437 Supe
802 1369 871 1422 inter

80 1444 157 1510 ipsas
171 1440 304 1495 orationis
327 1447 439 1493 suerrus
458 1437 624 1499 dulcedines,
644 1448 669 1491 et
695 1440 769 1504 qiiasi
790 1454 871 1492 strare

78 1529 143 1566 cum
160 1511 275 1566 Domino
290 1510 469 1578 colloquium,
486 1508 560 1562 turba
577 1508 768 1576 cogitationum
785 1509 870 1562 inter·

79 1582 295 1639 uertebrarum
311 1581 454 1633 meritisne
469 1577 593 1632 Christus
611 1578 733 1632 rideatur
749 1580 869 1642 impedit.

79 1653 117 1707 Et
131 1653 195 1718 uuid
214 1652 285 1705 inter
301 1650 358 1703 bac
369 1649 517 1717 agendum?
533 1648 589 1702 Nun
606 1651 697 1716 utique
713 1649 810 1702 inlirnis
824 1664 870 1703 ea·

79 1723 165 1776 teritis
180 1738 231 1791 qao
245 1721 329 1775 turbas
341 1721 534 1773 tumultuantur
548 1717 751 1779 remanendum,
768 1720 814 1773 scd
830 1730 869 1774 tc·

928 537 1100 590 cognoscere,
1115 533 1142 576 et
1155 524 1353 592 girodammnuu
1366 535 1456 578 tacens
1469 526 1586 594 inuititur
1600 545 1604 554 ⁴
1621 527 1719 584 lladeru

926 592 1067 660 majestate
1091 604 1118 646 et
1142 596 1259 660 putentia
1286 610 1335 659 urta
1360 598 1537 661 cogitationes
1559 605 1661 650 uestras
1682 600 1719 652 in·

927 673 1014 728 tueor,
1038 680 1146 731 pssum
1170 676 1197 717 ct
1221 666 1482 721 bnuiinibusdelicta
1505 667 1652 721 dimittere.
1681 671 1718 722 llr

925 735 1001 787 rubis
1012 735 1166 800 intelligitur
1180 735 1241 803 qaid
1259 737 1420 806 paralyticus
1435 748 1624 806 rouserpratur.
1647 740 1718 802 Ouid

924 815 966 858 est
984 804 1182 858 larciliusdicere
1195 806 1322 874 paralytin
1334 829 1349 870 ·,
1364 805 1535 860 lliut'ttuutur
1545 808 1590 862 tibi
1603 821 1717 875 peccota,

925 889 958 927 an
983 874 1073 929 dicere
1088 892 1093 926 :
1111 875 1205 940 Surge,
1231 885 1253 927 et
1274 877 1335 930 tolle
1357 878 1491 947 probatum
1511 887 1594 940 ιιιιιιιι,
1612 890 1635 931 rt
1660 898 1716 932 rurr-

925 943 1003 997 lndn?
1014 945 1084 999 luter
1094 945 1215 999 dicereet
1226 945 1314 1000 lacere
1328 948 1408 1000 uuiha
1419 948 1547 1001 distantia
1559 957 1609 1001 ost.
1623 950 1715 1003 Utrum

923 1016 978 1067 siut
1000 1015 1146 1085 prralytieu
1163 1024 1268 1081 peecata
1292 1015 1413 1082 dimissa,
1434 1020 1507 1072 rolris
1535 1029 1646 1073 nouerat
1671 1022 1716 1087 igni

924 1084 1084 1139 dimittebat.
1112 1084 1195 1154 Surge
1218 1096 1305 1139 atttern
1330 1096 1354 1141 et
1374 1088 1488 1146 ambula.
1514 1100 1567 1141 taur
1596 1089 1641 1143 ille
1670 1091 1716 1157 rpri

925 1156 1070 1219 sumebat,
1095 1170 1174 1223 quam
1197 1157 1213 1209 ii
1238 1157 1283 1222 qiii
1305 1168 1459 1227 surgentem
1486 1161 1634 1219 ridebant,
1668 1175 1715 1226 api.

922 1225 1037 1291 probare
1061 1234 1193 1292 poteraut.
1217 1224 1260 1279 Fit
1279 1242 1343 1292 ergo
1358 1231 1467 1283 carnale
1481 1229 1586 1295 signum
1606 1243 1633 1282 ιιι
1651 1246 1714 1297 pru·

926 1296 1004 1348 betur
1025 1297 1162 1364 spiritale,
1179 1311 1329 1365 quiunquam
1344 1297 1465 1365 ejusdem
1490 1300 1595 1353 virtutis
1618 1302 1671 1363 sit,
1688 1312 1716 1356 et

923 1367 1047 1422 corporis
1061 1377 1088 1419 et
1110 1367 1205 1419 anirnze
1230 1368 1292 1418 viria
1316 1368 1462 1422 dimittere.
1485 1370 1517 1421 lit
1538 1372 1616 1422 datm
1637 1372 1713 1426 nabis

922 1433 1096 1502 intelligentia
1114 1447 1221 1504 trrripter
1237 1448 1345 1501 peccata
1361 1439 1503 1505 plerasque
1520 1442 1633 1494 evenire
1650 1456 1712 1494 eor·

923 1520 1017 1569 porum
1042 1506 1204 1560 debilitates.
1227 1507 1259 1561 lit
1280 1507 1381 1562 idcirco
1401 1507 1490 1561 lursan
1513 1509 1584 1574 prius
1606 1526 1712 1578 percara
1757 1507 1782 1553 b*

922 1575 1115 1639 dimittuntur,
1135 1585 1171 1640 ut,
1199 1577 1287 1630 causis
1319 1578 1466 1632 debilitatis
1495 1581 1612 1642 ublatis,
1640 1587 1713 1633 erni-

923 1654 962 1697 tas
977 1648 1142 1700 restituatur.
1166 1648 1289 1714 Quinque
1312 1647 1445 1717 sirpridern
1471 1659 1533 1702 suut
1555 1648 1714 1706 differentius

923 1729 1074 1781 causarum,
1092 1732 1141 1784 pro
1155 1718 1250 1786 quihus
1265 1718 1290 1770 iu
1304 1717 1353 1772 bac
1374 1721 1425 1773 vita
1442 1720 1573 1775 mutastis
1587 1737 1715 1790 corpora·

78 1803 154 1848 etum
172 1793 268 1846 doinus
290 1793 316 1844 in
329 1805 379 1858 uua
404 1789 527 1845 Cratistus
545 1789 624 1843 docet
647 1790 844 1844 ascendendum
863 1807 869 1842 ι
890 1783 994 1862 glrbus
1017 1787 1171 1855 aldigimur.
1193 1788 1245 1842 dut
1259 1788 1330 1842 enim
1353 1789 1385 1842 ad
1414 1791 1509 1843 merita
1526 1792 1645 1854 attgtutdrt
1667 1809 1714 1860 pm

78 1864 106 1916 id
119 1872 265 1929 cst,sacrae
277 1862 422 1929 Scriptura
433 1860 583 1913 sablimitas
594 1860 806 1927 estappeteuda.
818 1863 873 1914 ler—
926 1858 1080 1921 patientiam
1103 1858 1166 1923 justi
1191 1860 1313 1921 eorporis
1340 1859 1494 1912 inlirmitate
1516 1877 1669 1930 gravamur,
1687 1875 1714 1916 ut

78 1949 134 1994 aare
146 1933 254 1988 homiui
269 1945 329 1985 curn
351 1930 490 1985 Psalmista
510 1930 552 1984 die
567 1941 699 1995 iunctaque
720 1930 872 1984 agadarmia
925 1926 994 1979 baruti
1014 1936 1103 1992 putres
1117 1928 1167 1981 tub
1181 1938 1208 1982 el
1220 1926 1337 1993 Tribias,
1351 1939 1378 1983 et
1393 1931 1525 1983 innumeri
1541 1943 1673 2001 titurtyres
1687 1935 1713 1988 itt

78 2002 169 2064 lPsal.
184 2002 216 2072 r).
239 2003 266 2057 lu
287 2015 341 2071 quo
354 2000 424 2055 enim
451 1999 560 2068 corrigit
580 1999 672 2068 junior
688 2000 757 2054 viatn
776 2001 874 2054 silani?
924 2010 1041 2064 utruque
1052 1997 1235 2051 Testamenta.
1251 1997 1304 2050 dut
1316 2000 1346 2051 ad
1359 2000 1508 2054 custodiam
1522 2002 1647 2055 virtutum
1660 2018 1720 2066 per-

79 2068 774 2139 lnrutodiendo,iuquit,aerirrouettuoall’aul.c
795 2071 870 2135 ιιιιι).
907 2076 1072 2132 ceptorum,
1099 2085 1132 2129 ue
1154 2067 1280 2136 superbia
1303 2077 1423 2123 tentante
1449 2069 1615 2138 dispereant,
1644 2074 1714 2127 sicut

80 2147 114 2195 tlt
130 2144 325 2210 patefacientes
337 2139 517 2195 submiserunt
532 2141 669 2209 grabatum
687 2141 712 2194 in
728 2157 781 2205 airu
798 2156 873 2206 paru.
923 2138 1060 2201 apostolus
1074 2139 1187 2202 Paulus,
1205 2137 1248 2192 cui
1264 2152 1297 2192 ue
1313 2141 1495 2206 uraguitudiue
1515 2141 1711 2198 revelationum

79 2215 181 2267 latiens
209 2212 325 2282 jacebat.
353 2209 488 2266 Patelacto
511 2218 593 2279 tecto,
606 2225 676 2278 ager
695 2221 757 2265 ante
780 2210 872 2265 lesuin
924 2206 1116 2275 extolleretur,
1133 2208 1211 2262 datus
1225 2218 1267 2262 est
1282 2210 1409 2262 stimulus
1422 2212 1512 2265 carriis
1531 2226 1585 2264 suae
1601 2213 1713 2282 angelus

77 2274 252 2338 siabruittltur
273 2300 280 2334 :
300 2283 361 2350 qu³a
375 2281 503 2336 reseratis
517 2280 653 2350 mysteriis
671 2281 807 2349 Scriptura
814 2297 871 2335 rurn
922 2275 1029 2330 Satauae
1042 2278 1086 2344 uui
1097 2294 1157 2332 eum
1173 2278 1352 2346 colaphizaret
1365 2277 1408 2346 (ll
1421 2279 1482 2333 Cor.
1498 2282 1545 2349 rr).
1561 2283 1612 2336 but
1626 2283 1659 2336 ad
1674 2283 1713 2337 in-

77 2355 115 2408 ad
129 2355 252 2409 notitiam
266 2350 368 2407 Christi
382 2351 546 2419 pervenitur,
566 2350 616 2404 bne
634 2358 686 2412 est,
700 2350 733 2405 ad
748 2351 805 2420 ejus
823 2352 873 2404 hu-
925 2346 1068 2415 telligeuda
1082 2357 1110 2402 et
1120 2348 1278 2416 corrigenda
1300 2358 1408 2414 peccata
1424 2359 1527 2415 nostra,
1543 2354 1612 2405 sicut
1632 2352 1711 2408 llario

78 2425 224 2479 militatem
243 2421 305 2476 lldei
327 2420 424 2489 pietate
443 2420 626 2477 descenditur.
648 2420 681 2475 Et
694 2421 761 2476 bene
776 2422 873 2476 deuius
921 2429 999 2469 soror
1010 2415 1099 2472 Aaron
1116 2419 1141 2472 iu
1157 2433 1249 2473 ercino
1263 2418 1297 2471 ob
1313 2419 1393 2473 rerba
1410 2421 1569 2475 renieruuts
1580 2432 1608 2477 ct
1622 2439 1713 2490 strper-

78 2494 244 2564 tesmjuxu
255 2493 363 2546 alterius
373 2489 736 2560 Erarigelisturnarrationem
750 2490 869 2560 (tura),
922 2483 972 2539 biae
988 2486 1060 2554 lepra
1077 2504 1202 2557 pereussa
1216 2498 1257 2543 est
1269 2487 1362 2557 (Nutu.
1376 2490 1433 2554 ιιι).
1460 2490 1506 2545 vat
1522 2493 1591 2545 sicut
1604 2497 1711 2564 paraly-

81 2565 182 2632 regulis
193 2578 255 2618 esse
267 2570 389 2616 currtecta
405 2562 557 2631 reperitur,
573 2562 634 2627 quia
648 2561 696 2614 suh
709 2563 869 2630 eonterupti·
922 2556 992 2609 titus
1007 2557 1041 2612 de
1054 2573 1105 2628 gito
1121 2568 1276 2626 tractamus,
1294 2558 1339 2628 gui
1352 2575 1405 2615 nou
1418 2577 1468 2615 nur
1484 2561 1605 2617 dunissts
1622 2565 1710 2634 prium

79 2633 128 2689 biti
145 2632 297 2688 litterarum
314 2630 446 2685 uelamine
459 2630 482 2685 sl
500 2630 580 2693 adsit,
598 2632 642 2697 uui
656 2640 758 2686 reseret
770 2633 869 2698 diviua,
923 2629 1039 2689 peccatis
1054 2627 1184 2696 potuitab
1199 2629 1357 2684 iullrmitate
1371 2631 1470 2687 crrrari.
1485 2634 1536 2687 dut
1548 2634 1580 2684 ad
1596 2635 1710 2702 gloriam

78 2703 213 2770 spiritalis
227 2705 320 2772 gratim
335 2702 418 2755 virtus
433 2701 596 2755 inuenietur.
614 2700 761 2756 Denudatio
772 2703 870 2757 etenira
922 2694 969 2751 Dei
979 2699 1118 2765 sabanis,
1130 2699 1186 2755 sire
1194 2713 1242 2769 per
1252 2700 1448 2767 seipsumsire
1458 2702 1626 2770 perlautulus
1637 2718 1711 2765 suus,

80 2775 234 2841 tegailarum
255 2773 281 2827 in
305 2770 387 2826 donio
401 2770 465 2827 lesu
479 2772 582 2839 apertio
601 2782 642 2825 est
656 2772 683 2824 in
705 2772 805 2825 uilitate
824 2772 869 2826 lit·
921 2766 991 2822 sieut
1002 2783 1089 2825 cecus
1103 2778 1180 2825 uatus
1195 2772 1222 2824 iu
1238 2769 1384 2839 Evangelio
1400 2770 1491 2839 (lirun.
1506 2776 1556 2839 rx),
1571 2775 1614 2839 um
1628 2791 1712 2845 ireque

82 2856 149 2899 tere
174 2856 272 2898 seusus
292 2841 440 2910 spiritalis,
466 2852 493 2895 et
522 2855 682 2896 arcanorum
705 2842 869 2897 caelestium.
923 2835 980 2904 ipse
993 2841 1121 2906 percarit,
1134 2854 1221 2908 neque
1234 2851 1359 2907 parentes
1372 2843 1440 2910 eius,
1454 2843 1500 2895 sul
1517 2853 1544 2896 ιιι
1560 2842 1713 2897 manib-saa

80 2914 159 2979 tlaod
173 2926 265 2968 autem
280 2925 340 2967 cuni
354 2912 464 2981 grabato
477 2910 620 2979 deponitur
632 2909 765 2977 indamus,
781 2913 869 2984 sigui-
922 2915 1016 2987 rentur
1028 2923 1109 2977 opera
1131 2909 1177 2964 liei
1192 2910 1219 2963 in
1240 2909 1304 2964 illo:
1321 2908 1389 2965 sieut
1403 2911 1527 2973 Lazarus,
1545 2913 1622 2983 cuijus
1639 2915 1712 2967 intir-

81 2986 145 3039 lieat
161 2984 197 3039 ab
210 2983 318 3037 bomine
332 2982 359 3036 iu
373 2983 423 3036 ista
435 2982 523 3036 adhuc
537 2995 619 3035 earne
631 2982 776 3036 constituto
789 2983 868 3036 libri·
921 2985 1000 3029 muas
1020 2994 1084 3048 ttott,
1100 2979 1150 3033 luit
1171 2980 1205 3034 ud
1219 2991 1343 3041 mortem,
1370 2983 1415 3036 ⁸⁰1¹
1439 2996 1486 3048 pro
1504 2984 1586 3051 tii‘ltil
1610 2983 1667 3046 Dei.
1685 2991 1714 3037 ttl

81 3064 156 3110 stam
180 3052 281 3109 debere
308 3053 444 3120 cognosci.
476 3053 541 3105 Cum
562 3051 672 3105 uidisset
683 3060 772 3106 autem
792 3053 871 3111 lesus
920 3046 1112 3113 glorutcarerur
1126 3050 1207 3104 Filius
1220 3049 1265 3104 [lei
1280 3067 1326 3121 per
1337 3067 1395 3105 earu
1408 3051 1549 3124 (loanni).
1564 3056 1658 3108 datad
1672 3057 1712 3109 iu-

81 3123 162 3179 lideur
177 3122 297 3189 illorum,
321 3123 358 3176 ait
372 3123 540 3192 paralytico:
558 3119 622 3186 Fili,
639 3120 801 3176 dimittuntur
825 3122 871 3176 tibi
923 3118 1090 3175 cliriationem
1105 3121 1285 3174 damnationis
1298 3131 1429 3188 aeternae,
1446 3123 1518 3192 quod
1532 3128 1709 3193 reproborum

81 3203 197 3264 petrau.
221 3191 371 3248 curaturus
395 3192 530 3246 bominem
562 3207 577 3246 a
604 3193 719 3262 paralysi
746 3192 872 3247 liuriiiuus
923 3194 965 3240 ett
981 3200 1008 3242 et
1027 3193 1162 3258 propriam
1184 3208 1190 3242 z
1213 3191 1283 3245 sicut
1308 3192 1457 3247 Antiochus
1471 3203 1498 3248 et
1519 3195 1649 3257 llerodes,
1667 3197 1712 3265 qui

82 3267 171 3331 primo
195 3273 368 3333 peerzatorum
388 3262 493 3316 uincula
509 3260 650 3327 dissuluit,
676 3262 873 3318 utostrnderet
925 3260 1032 3330 utrique
1059 3275 1109 3314 suo
1137 3269 1258 3329 tempore
1280 3262 1517 3318 adsersuurlleuur
1534 3277 1715 3337 repugnantes

81 3351 143 3386 eram
157 3334 294 3389 obnexus
312 3332 449 3398 culparum
471 3335 576 3386 artuum
595 3333 769 3387 dissubnioue
793 3334 873 3390 luisse
924 3330 969 3401 (ll
994 3331 1083 3384 llarh.
1105 3347 1129 3385 ιι
1145 3350 1152 3398 ;
1168 3334 1224 3385 Art.
1249 3332 1311 3402 ιιι),
1332 3335 1402 3403 quod
1418 3344 1613 3391 tormentorum
1630 3339 1712 3403 inge·

81 3404 253 3470 darnnatum,
269 3418 319 3458 nee
333 3403 383 3456 nisi
400 3403 441 3456 bis
460 3403 587 3458 relaxatis
597 3406 777 3458 rnembrarnm
793 3417 872 3470 posse

83 3476 289 3544 recriperatione
303 3473 404 3527 sanari.
424 3472 470 3528 Sic
483 3482 511 3528 et
524 3472 562 3527 illi
578 3474 725 3544 paralytico
736 3473 779 3542 uui
794 3473 872 3542 juxta

81 3544 249 3610 promutuans
267 3543 396 3609 piscinam
411 3543 457 3597 diu
476 3551 670 3614 molestiaque
688 3542 783 3598 frustra
804 3560 872 3612 prae·

80 3614 245 3680 stolaltatur,
260 3622 380 3668 sanator
394 3612 508 3667 Domino
521 3612 618 3668 dicitur
633 3632 639 3666 τ
660 3612 725 3669 Ecce
739 3631 818 3667 suitur
832 3617 872 3684 [ιι-

80 3695 137 3740 rtas
149 3699 188 3748 er,
196 3686 256 3755 joni
265 3682 320 3736 nuli
330 3698 444 3749 pectore,
455 3700 486 3737 ne
495 3684 606 3738 deterius
614 3685 761 3752 tibialipuid
773 3688 873 3738 contin·

79 3764 123 3823 pat
135 3753 228 3823 (doen.
251 3753 301 3823 rt).
326 3751 349 3806 F
350 3753 397 3816 iii,
412 3753 506 3821 itiquit,
520 3754 683 3808 dimittuntur
698 3756 743 3807 tibi
758 3770 870 3823 graccum.

80 3829 104 3878 ti
119 3825 187 3878 mira
211 3821 364 3880 humilitas!
390 3822 545 3891 despectum
570 3837 593 3877 et
618 3825 733 3879 debilem
758 3826 872 3895 totisque

81 3895 268 3950 membrorum
282 3893 485 3961 compaginibus
506 3894 666 3949 dissolutum
688 3898 770 3949 liliunr
784 3911 871 3959 uocat,

81 3981 163 4033 qirem
193 3963 350 4019 sacerdotes
378 3976 430 4015 uon
457 3963 631 4032 dignarentur
652 3968 793 4033 atringere.
821 3968 873 4020 dut

80 4046 156 4088 serre
179 4034 237 4089 [leo
259 4033 354 4094 lilium,
377 4032 437 4099 unia
459 4032 664 4089 dimittunturei
686 4046 794 4104 peccaui
812 4051 870 4089 sua.

79 4104 242 4158 irretiendum
260 4117 326 4159 sane
340 4102 431 4170 putanti
449 4104 553 4171 propria
569 4106 697 4174 cuiusque
717 4105 782 4159 lidos
801 4107 871 4174 apud

66 4169 166 4228 'beura
181 4175 281 4238 valeat,
297 4172 341 4226 ulti
363 4174 428 4226 tanti
444 4174 526 4227 valuit
547 4175 635 4228 aliena
657 4186 684 4229 ut
700 4188 771 4230 totus
792 4176 872 4230 bruno

77 4255 204 4312 repente,
220 4248 273 4298 boc
290 4252 331 4296 est
352 4242 472 4297 exterius
495 4244 658 4313 interiusque
676 4247 729 4313 jam
754 4247 872 4301 salvatus

76 4324 261 4385 exsurgeret,
286 4313 452 4382 aliorumque
468 4313 564 4368 tuerito
577 4315 636 4370 alirs
652 4317 804 4371 laxarentur
829 4332 871 4371 er·

77 4397 145 4438 rata.

925 3405 1012 3458 benna
1029 3414 1157 3470 perpetuo
1171 3407 1275 3469 passuri
1286 3415 1385 3460 essent.
1400 3407 1573 3474 presentium
1589 3407 1713 3462 alilictiu-

924 3489 988 3528 mrm
1016 3472 1122 3526 irrisoria
1148 3473 1252 3526 cunctis
1274 3473 1459 3530 ostendebant.
1477 3476 1577 3542 Quibus
1591 3477 1714 3545 coagruit

924 3543 988 3597 illud
1016 3542 1154 3611 prophane
1178 3561 1185 3597 ι
1212 3540 1246 3595 Et
1269 3543 1367 3612 duplici
1386 3547 1539 3598 coirtritiune
1559 3556 1712 3600 contri-reos

924 3612 992 3681 (ier.
1007 3615 1084 3677 xvir),
1100 3617 1171 3666 irride
1186 3627 1297 3668 necesse
1307 3623 1348 3667 est
1360 3614 1384 3667 iu
1400 3614 1595 3683 omnibusque
1610 3627 1713 3682 ternpo-

923 3683 1016 3737 raluer
1042 3682 1154 3736 adversa
1179 3682 1309 3748 patimur,
1340 3697 1400 3736 curu
1428 3683 1574 3740 bumilitate
1598 3684 1713 3743 Durniuo

923 3757 1020 3821 gratias
1033 3767 1153 3820 agamus,
1168 3761 1195 3806 ct
1211 3751 1372 3806 intirmitatis
1384 3762 1482 3808 nostrae
1493 3757 1594 3810 conscii
1609 3757 1643 3811 dc
1655 3759 1712 3811 eul-

924 3825 983 3876 latis
1008 3825 1085 3878 nubis
1108 3821 1235 3876 remediis
1261 3825 1434 3892 gratulemur.
1456 3824 1661 3882 Necesseestur
1678 3830 1710 3879 ad

922 3894 1114 3949 cnscientiaru
1140 3903 1259 3946 nostram
1281 3894 1380 3948 reuersi
1394 3895 1508 3951 solerter
1523 3911 1604 3962 opera
1621 3910 1710 3952 nostra

922 3964 1001 4017 sinitrl
1029 3973 1056 4018 et
1079 3962 1255 4032 cogitationes
1278 3965 1458 4031 exploremus,
1475 3976 1502 4019 et
1517 3969 1646 4036 uurdunid
1661 3985 1710 4023 tltrs

923 4048 1049 4102 peccasse
1073 4034 1309 4101 deprehendimus,
1330 4036 1410 4104 digua
1423 4039 1599 4105 castiguiane
1612 4056 1707 4107 prrrge·

922 4120 992 4169 inu«,
1009 4105 1136 4173 quidquid
1152 4105 1185 4157 de
1199 4103 1240 4157 liis
1255 4120 1313 4172 quze
1327 4121 1376 4158 rios
1389 4114 1461 4161 recte
1476 4107 1570 4162 lauisse
1585 4111 1710 4164 credeba-

923 4190 993 4242 mus,
1011 4176 1074 4228 vitio
1087 4180 1112 4227 iu
1126 4174 1202 4226 nobis
1225 4175 1348 4229 elationis
1361 4180 1463 4243 perisse
1478 4179 1671 4244 corriperiurus,
1685 4191 1712 4233 et

923 4243 974 4298 hoc
998 4245 1088 4298 lurmili
1109 4245 1293 4298 satislaeriouc
1307 4247 1469 4309 castigemus
1486 4264 1491 4297 :
1510 4247 1565 4300 lare
1576 4250 1648 4302 enirn
1662 4267 1711 4304 uo·

923 4314 964 4368 bis
978 4317 1075 4384 saepius
1089 4314 1117 4367 lit
1129 4329 1207 4368 eausa
1220 4313 1394 4380 llagellorrnu.
1409 4314 1711 4374 Creterumiunoceates

922 4393 950 4436 et
964 4387 1050 4452 justos
1075 4385 1111 4439 ob
1138 4400 1280 4454 augmenta
1309 4387 1478 4453 praemiorum
1494 4385 1634 4457 flagellari,
1651 4407 1710 4456 per·

116 4451 199 4508 Erunt
209 4465 295 4508 ortem
309 4455 363 4508 illic
374 4453 477 4522 paridem
491 4455 523 4508 de
538 4456 626 4508 scribla
638 4458 752 4511 scalentes
766 4467 789 4509 et
804 4459 871 4525 cogi·
925 4453 1055 4509 lucturum
1081 4464 1123 4509 est
1148 4457 1245 4509 dunum
1271 4456 1386 4523 speciale
1409 4458 1542 4522 uirorum;
1558 4460 1712 4514 verberibus

76 4531 160 4578 trater
173 4525 200 4578 iu
211 4529 330 4579 cordibus
343 4526 410 4577 ruia:
424 4525 492 4590 Quid
504 4525 545 4578 trie
560 4527 734 4595 ιιίιιιμιιίιιι.1
749 4527 872 4594 llluaphe-
889 4502 1015 4580 nautem
1043 4526 1236 4594 temporalibus
1257 4527 1290 4580 ad
1313 4537 1411 4581 aterna
1428 4537 1560 4582 tonuenta
1576 4530 1711 4598 corripelli,

75 4605 143 4648 ut.
160 4595 227 4660 Quia
250 4607 330 4667 puteat
355 4596 482 4648 diurittere
497 4602 674 4663 praemuniri
694 4600 763 4651 solur
782 4597 874 4652 Orus?

80 4662 180 4720 teram
195 4666 289 4722 dicunt
307 4665 402 4721 scribae
422 4667 492 4732 uirod
517 4681 597 4719 nenio
612 4670 747 4722 diruittere
763 4683 871 4735 praecata

75 4732 130 4787 arisi
146 4736 217 4791 lletts
237 4747 344 4806 potest,
369 4735 414 4804 qui
431 4751 478 4802 per
499 4750 546 4790 eos
562 4752 667 4804 utroque
680 4739 789 4791 dimittit
815 4742 874 4805 qui·

75 4801 297 4862 murmurandi
323 4805 415 4861 tribuit
434 4814 606 4873 potestatem.
622 4807 655 4861 Et
672 4809 732 4862 ideo
750 4808 873 4863 Christus

74 4887 141 4928 rere
166 4875 238 4931 licus
262 4892 322 4931 esse
346 4878 495 4947 probatur,
521 4875 582 4945 quia
607 4877 742 4934 dimittere
766 4892 871 4947 prorata

73 4943 153 5015 maai
164 4945 237 5002 Deus
250 4957 338 5016 potest
352 4965 359 5000 ε
375 4963 467 5005 uerurn
481 4947 535 5000 lieu
552 4949 731 5003 testimouium
747 4949 872 5017 reddant,

72 5014 125 5068 aad
139 5029 283 5083 penuriam
298 5017 397 5072 Christi
414 5015 535 5084 negando
549 5017 688 5073 lalluutur.
712 5021 808 5073 Errant
821 5020 871 5072 ita-

73 5099 133 5153 qua
144 5085 246 5152 ludaei,
261 5091 306 5156 qui
321 5104 381 5144 eum
394 5088 531 5144 Christum
543 5099 570 5141 et
582 5087 667 5143 Deum
680 5102 751 5152 esse,
767 5101 792 5145 et
808 5105 871 5157 pee-

73 5165 138 5210 cata
151 5156 289 5216 dimittere
299 5174 377 5224 nosse
391 5159 513 5219 credaut,
528 5155 619 5213 lesura
632 5171 721 5213 tamen
735 5162 871 5214 lJbristmn

74 5240 143 5282 esse
176 5241 230 5283 non
261 5229 384 5285 credunt.
417 5228 471 5284 Sed
494 5230 576 5282 irruite
600 5230 751 5284 dementius
781 5240 873 5283 errant

74 5297 185 5362 auant,
195 5299 240 5368 gui
253 5313 314 5353 cum
327 5300 418 5354 lesuin
438 5309 464 5353 et
479 5298 614 5352 dlirrstuiu
629 5315 700 5364 esso,
715 5310 742 5354 et
762 5311 870 5369 peccata

75 5379 161 5435 potae
180 5369 333 5434 dimittere,
359 5367 500 5442 Evangelii
520 5371 607 5422 rerbis
628 5369 746 5437 devicti,
774 5386 872 5440 negare

74 5452 131 5492 uuo
154 5439 287 5505 audeant,
311 5439 485 5495 nibiluruinus
521 5443 601 5493 beura
636 5455 734 5509 negare
759 5458 811 5495 non
839 5441 873 5494 ri·

75 5518 167 5564 meat.
180 5508 219 5565 Δι
230 5510 288 5580 ipre
302 5511 420 5580 pertidus
433 5511 537 5563 salvare
548 5508 720 5574 desideraris,
736 5524 763 5565 et
781 5514 872 5565 occul-

74 5586 169 5633 torum
192 5582 344 5649 cognitione
366 5590 393 5634 et
413 5580 511 5634 virtute
537 5596 647 5648 operitur
664 5581 746 5635 llcuur
766 5597 796 5637 sc
812 5597 872 5637 esse

74 5648 246 5707 ruauilestat.
259 5650 326 5706 Natu
337 5652 458 5719 sequitur
474 5668 479 5702 :

112 5723 174 5786 (lato
181 5723 272 5776 atatim
281 5719 478 5791 :cuniculosae
492 5721 582 5791 spirim
595 5738 641 5774 suo
653 5722 712 5782 arria
726 5724 762 5775 sic
776 5721 870 5791 copim·

74 5805 136 5849 rrut
152 5795 263 5860 interae,
278 5792 338 5846 dirrt
353 5792 405 5847 dtu
417 5807 425 5846 .·
438 5791 506 5858 Quid
519 5792 567 5846 istu
582 5793 697 5862 cogitatis
713 5794 739 5846 iu
752 5794 870 5848 cordibus

926 4596 1151 4664 trupoenttenrtum
1166 4606 1206 4651 est
1220 4611 1296 4664 poena
1313 4598 1496 4665 reproborum.

962 4667 995 4721 tu
1018 4675 1100 4719 autem
1119 4667 1204 4719 sciatis
1217 4670 1277 4735 quia
1293 4676 1440 4732 poterto'enr
1452 4668 1523 4719 babet
1535 4666 1618 4722 Filius
1630 4669 1710 4724 harui-

925 4739 964 4791 nr'a
978 4738 1003 4789 iu
1014 4748 1080 4788 terro
1092 4737 1237 4789 diuidendi
1249 4753 1361 4805 primun,
1375 4739 1410 4788 uit
1422 4740 1576 4808 perrupit-o:
1590 4738 1646 4792 l'ut
1655 4741 1712 4792 diro

923 4823 1010 4876 surge,
1034 4808 1097 4859 tolle
1110 4808 1245 4875 grabatum
1261 4818 1342 4868 tuuru,
1359 4817 1380 4859 et
1396 4809 1459 4859 tude
1473 4811 1499 4861 iu
1512 4811 1616 4862 dorrtuur
1629 4820 1710 4864 ιιιιιιιι.

925 4878 954 4932 Si
965 4891 992 4931 ut
1007 4878 1076 4931 Deus
1090 4887 1130 4930 cst
1142 4876 1216 4945 jana
1227 4878 1393 4931 l’salutistaut
1410 4875 1494 4945 terat.
1508 4883 1556 4948 cu)
1570 4881 1612 4948 uui
1627 4897 1710 4949 quau·

925 4957 980 5001 turn
1010 4949 1090 5001 distat
1114 4962 1204 5000 oricus
1223 4948 1255 4999 ab
1271 4961 1378 5013 ocerrsu,
1394 4949 1527 5018 elongavit
1541 4968 1555 5003 a
1570 4951 1647 5005 uubis
1662 4954 1710 5006 iui·

924 5021 1041 5086 nstitutus
1059 5027 1175 5080 nostras,
1197 5026 1223 5069 et
1238 5014 1257 5069 F
1260 5017 1320 5070 ilius
1332 5019 1448 5072 bominis
1460 5030 1617 5088 potestatem
1633 5021 1712 5076 hahet

924 5090 950 5140 in
966 5104 1034 5143 ierra
1047 5087 1197 5141 dimittendi
1214 5100 1321 5154 peecata
1339 5105 1345 5140 :
1362 5104 1426 5158 ergo
1440 5092 1509 5143 idern
1521 5101 1548 5144 et
1563 5093 1620 5160 ipse
1642 5093 1711 5146 Deris

924 5172 951 5211 ct
967 5159 1050 5212 Filius
1070 5157 1186 5212 lroruiais
1199 5169 1252 5222 est,
1269 5167 1337 5212 utet
1353 5160 1432 5212 hoino
1447 5161 1567 5215 Christus
1584 5177 1631 5232 per
1645 5164 1660 5216 d
1673 5181 1711 5214 v.-

925 5230 1016 5283 nuatis
1040 5245 1094 5282 sure
1117 5236 1262 5296 poteirtraru
1289 5239 1396 5296 peccata
1416 5231 1550 5285 dimittere
1572 5236 1667 5300 pussit,
1685 5245 1711 5287 et

924 5299 995 5353 idcur
1011 5300 1080 5353 urus
1096 5300 1219 5354 Christus
1233 5315 1280 5367 per
1291 5300 1463 5354 luunmiitatis
1474 5318 1528 5357 suc
1539 5304 1707 5372 fragilitatem

925 5385 973 5437 pru
996 5371 1180 5438 peecatoribus
1208 5371 1286 5423 urori.
1314 5370 1474 5438 Spiritaliter
1496 5381 1583 5426 autern
1604 5373 1710 5437 degra-

925 5443 986 5493 batu
1009 5455 1130 5504 surgere,
1143 5451 1185 5492 est
1201 5440 1317 5494 aniuiaru
1334 5455 1363 5495 se
1378 5441 1555 5496 aiarnalibus
1571 5441 1710 5495 desideriis

925 5510 968 5562 ubi
980 5527 1049 5579 angra
1061 5510 1176 5578 jacebat,
1191 5511 1360 5566 abstrahere.
1377 5510 1520 5565 Grrrbutuui
1531 5526 1593 5564 reto
1605 5512 1710 5573 tallere,

923 5593 964 5633 est
980 5585 1179 5649 ipsaurquouue
1192 5595 1300 5635 earncin
1317 5581 1545 5646 percuntiueutire
1561 5580 1635 5634 irena
1651 5599 1710 5635 cur·

924 5661 1039 5716 reptant,
1055 5666 1103 5719 spe
1119 5651 1268 5706 crelestiuiu
1285 5655 1455 5720 prruruiuruiu
1467 5667 1481 5702 a
1497 5650 1602 5705 deliciis
1617 5667 1710 5722 scgre-

923 5738 985 5788 pare
1009 5720 1131 5776 terrariis.
1156 5720 1266 5775 Sublato
1282 5736 1373 5778 autem
1386 5721 1514 5792 grabbato
1529 5723 1642 5776 doutuui
1659 5738 1715 5782 ιιιι,

923 5795 955 5848 ad
971 5791 1125 5867 paradisum
1139 5792 1229 5851 redire
1239 5802 1293 5850 est.
1308 5792 1571 5852 llesuteriiutauta
1582 5795 1735 5880 esthuuaua
