3802 6126
115 240 187 307 libb
635 245 684 307 DE
715 242 825 306 tucts
848 238 1006 303 saneris
1033 239 1231 304 ttutsntttS.
1683 241 1753 312 1180

113 363 287 411 monumenta
315 341 465 413 contineas.
492 354 554 413 llsec
587 356 746 414 relationem
772 351 902 423 nrcutptn
961 351 1144 422 prestantior,
1171 359 1266 407 estate
1290 347 1512 422 truncantem
1540 356 1636 424 tepens
1665 369 1674 409 ε
1702 368 1753 411 aer

113 445 260 503 Galliarum
271 447 391 519 episcopi
402 459 512 505 secutus
524 449 648 505 dixerim.
658 448 792 505 Cancrum
807 445 906 500 Esdras
960 444 1079 508 rrrollior,
1095 452 1124 497 nt
1141 458 1247 499 summa
1273 440 1363 500 bierne
1376 442 1458 500 lineis
1478 452 1594 499 utantur
1609 445 1753 503 indumen·

113 549 208 608 aperte
233 540 338 606 scribit,
355 541 381 594 in
405 539 556 596 ierusalem
583 540 741 596 bavidessc
757 539 905 610 sepultum,
961 536 1005 591 tis.
1019 535 1089 591 Urbs
1116 535 1172 605 ipsa
1196 533 1303 589 condita
1327 535 1354 588 ln
1380 548 1489 604 campo,
1506 535 1550 590 oni
1566 534 1753 603 supereminet

114 631 157 682 via
176 630 260 702 regia,
278 646 338 700 qum
353 631 387 688 ab
407 630 478 687 AElia
503 631 629 688 chebron
646 631 729 698 ducit,
748 630 784 686 ab
800 630 906 685 oriente
960 643 1039 684 mons
1058 626 1222 682 dilioslorct
1239 627 1327 682 nudos
1345 626 1511 698 gignentium
1533 644 1540 681 :
1558 641 1661 697 aegrum
1678 626 1751 683 enirn

114 721 264 787 Bethleem,
289 724 324 780 ab
347 726 487 783 occidente
502 727 656 799 sepulcmm
672 724 773 782 lircbel
788 724 905 791 habens,
960 731 988 778 et
999 722 1121 793 leirtnmn
1137 721 1239 786 solum,
1253 728 1280 777 et
1294 721 1354 777 ideo
1369 719 1404 774 alt
1417 719 1515 774 incolis
1536 718 1687 775 desertum.
1702 716 1753 774 llic

116 815 194 870 titulo
208 815 325 871 noctuinis
341 816 400 886 eius
416 833 502 891 usque
515 820 595 878 hodie
610 822 757 893 signatum.

113 950 178 1006 Car.
197 950 300 1007 l'lll.-
310 950 410 1008 Derim
423 952 554 1081 Cilniana,
570 968 595 1014 et
612 960 906 1028 monttmentispntrtntt

435 1041 449 1080 e
532 1043 586 1083 ont.

148 1155 276 1213 chebron
293 1159 319 1213 itt
337 1163 425 1233 campi
440 1161 582 1219 latitudine
597 1164 648 1220 sita
671 1175 722 1230 cst,
741 1175 769 1223 et
783 1167 817 1224 ab
832 1166 904 1226 AElia

114 1248 208 1315 uiginti
226 1249 331 1307 ‹lnobns
343 1252 463 1310 millibus
477 1269 603 1326 separata
619 1274 626 1313 ε
643 1274 698 1316 uno
720 1260 754 1315 ad
771 1262 904 1318 orientem

114 1339 203 1394 stadio
232 1341 390 1410 speluncam
421 1342 555 1414 duplicent
589 1347 615 1402 in
646 1347 715 1405 valle
742 1349 834 1418 babet,
858 1349 905 1408 ulti

115 1430 239 1500 scpulcra
253 1433 468 1503 patriarclrarmn
485 1439 617 1508 quadrato
637 1455 716 1497 muro
731 1443 905 1502 circumdan-

117 1531 170 1585 tur,
186 1523 320 1593 capitibus
337 1525 422 1581 versis
436 1527 470 1582 ad
487 1528 640 1599 aquilonem
656 1548 663 1586 a
677 1539 705 1587 et
721 1532 779 1589 baec
798 1533 904 1604 alugula

116 1611 231 1682 siugulis
261 1620 331 1669 tecta
359 1613 495 1687 lapidibus
523 1620 611 1675 instar
645 1621 765 1679 basilien
794 1624 904 1693 dolatis,

117 1701 198 1757 trium
222 1703 439 1772 patriarcharum
467 1709 591 1767 candidis
606 1727 614 1764 ι
630 1711 716 1768 Adam
739 1716 906 1775 obscurioris

117 1801 144 1846 et
170 1792 273 1850 vilioris
296 1795 397 1867 operis,
416 1799 461 1870 qni
491 1799 563 1857 baud
587 1802 667 1874 longe
685 1805 719 1861 ab
742 1806 842 1864 illisad
857 1808 906 1865 bo·

119 1883 220 1941 realem
251 1897 454 1962 extremamque
481 1894 551 1951 muri
576 1894 647 1952 illius
675 1908 780 1968 partem
797 1911 904 1973 pausat.

118 1972 213 2030 Trium
225 1992 334 2049 quoque
348 1979 511 2038 luminatum
527 1982 647 2058 viliores!
659 1994 686 2040 et
707 1989 827 2046 nrinorer
845 2004 908 2047 me·

119 2069 213 2126 morie
232 2080 392 2131 cernuntur.
406 2073 528 2134 llambre
553 2079 631 2135 collis
653 2078 727 2136 mille
748 2081 874 2151 passibus
891 2098 908 2139 a

119 2165 301 2219 monumentis
325 2164 368 2223 bis
399 2166 434 2223 ad
462 2167 584 2239 boream,
615 2169 748 2227 lterbosos
776 2171 855 2227 valde
882 2178 910 2227 et

119 2252 242 2320 lloridus,
257 2263 438 2326 campestrem
463 2257 566 2315 itabens
589 2261 615 2316 in
640 2262 741 2317 terrico
754 2261 907 2332 planitiem,

119 2346 146 2400 in
161 2345 239 2416 cuius
263 2346 409 2417 aquilonali
429 2359 507 2419 parte
521 2358 640 2422 quereus
664 2352 782 2411 Abralrae
794 2356 908 2411 duonrm

118 2438 258 2494 immiuom
285 2440 438 2501 altitudinis
467 2452 579 2500 truncus
604 2446 720 2502 eeclesia
739 2448 908 2503 circumdata

117 2540 170 2585 est.
192 2530 399 2601 Egredientibus
421 2546 483 2591 rero
504 2534 628 2593 Gbebron
648 2539 680 2594 ad
706 2539 862 2610 aquilonem
881 2540 908 2595 in

118 2621 230 2677 sinistra
251 2632 327 2692 parte
351 2624 400 2680 rias
424 2629 544 2682 occurrit
561 2645 639 2686 orons
665 2629 786 2701 pinosus,
798 2647 908 2702 parvos,

118 2712 207 2768 tribus
223 2713 342 2770 millibus
365 2730 494 2785 passuum
509 2732 525 2772 a
538 2718 675 2785 Cbebron,
692 2724 763 2778 unde
781 2721 909 2780 llieroso·

118 2803 219 2872 lystram
244 2804 321 2872 pinca
349 2805 420 2878 ligna
447 2807 573 2865 ieruntnr
589 2812 617 2866 iu
645 2814 780 2869 cattnelis:
800 2819 908 2873 namin

118 2893 192 2950 ornui
206 2891 298 2950 iodaea
314 2897 435 2967 plaustra
452 2898 495 2954 rel
510 2915 608 2958 currus
623 2918 688 2959 raro
703 2904 782 2960 tlortt.

119 3058 184 3114 Ctr.
196 3057 243 3114 tlt.
261 3088 296 3100 —
312 3059 351 3115 lie
371 3059 504 3128 Hiericho,
526 3073 551 3118 et
571 3062 637 3119 locis
661 3065 779 3135 ejrtsdrm
797 3070 907 3124 sntrctis.

157 3193 283 3250 lliericlro
304 3196 339 3252 ab
365 3194 436 3251 AElia
460 3198 592 3253 orientem
614 3214 707 3256 rersns
723 3204 908 3261 novemdecim

120 3288 193 3343 mille
208 3289 332 3358 passibus
351 3289 437 3353 abest,
449 3304 501 3358 qua
516 3291 596 3345 tertio
610 3292 643 3345 ad
658 3293 744 3348 solum
757 3296 908 3362 destructa,

119 3380 174 3434 sola
201 3381 297 3435 domus
323 3380 398 3434 llaab
421 3379 456 3434 ob
479 3383 585 3452 signum
601 3382 662 3438 fidei
689 3397 832 3442 remanet:
851 3392 910 3457 elus

120 3473 193 3527 enim
214 3473 301 3527 adlmc
320 3473 436 3543 parietes
460 3472 519 3529 sine
543 3474 662 3530 culmine
689 3477 797 3534 durant.
820 3478 909 3537 Locus

120 3565 195 3619 urbis
209 3573 313 3634 segetes
329 3575 356 3619 ct
369 3565 462 3620 vineas
478 3567 582 3636 recipit.
598 3565 669 3622 luter
688 3568 757 3624 lianc
772 3579 799 3624 et
814 3567 909 3625 lorda-

122 3654 325 3725 rtcm,quinque
342 3656 383 3710 vel
403 3671 450 3711 ser
473 3657 507 3712 ab
534 3670 566 3711 ea
593 3657 712 3713 millibus
742 3670 908 3728 sepseratnm,

120 3748 230 3816 grandia
248 3755 312 3801 snttt
336 3747 452 3816 palmeta
478 3749 610 3819 campulis
638 3751 806 3821 interpositis
821 3762 847 3808 et
864 3754 909 3809 in·

122 3838 318 3894 habitatoribus
336 3838 509 3894 chananaeis.
538 3840 681 3896 Duodecim
705 3842 821 3913 lapides,
839 3859 910 3914 iquos

119 3925 203 3983 losue
215 3927 249 3983 de
261 3926 380 3984 iordane
402 3929 458 3985 tulli
482 3940 655 4000 praeceperat,
678 3933 703 3987 in
716 3934 830 3988 ccclesia
847 3934 910 3991 Gul-

120 4019 189 4088 galis
210 4021 280 4075 lacta
308 4020 472 4076 altrinsecus
496 4020 571 4090 lnam
593 4023 710 4090 parietes
728 4024 851 4095 ejusdcm
866 4027 910 4096 ja·

119 4126 191 4179 cent,
215 4116 260 4171 vit
288 4116 386 4188 tirrguli
415 4132 489 4173 nunc
516 4117 622 4174 duobus
654 4120 722 4177 viris
751 4121 907 4191 elevabiles,

119 4222 234 4276 qnorum
263 4223 334 4261 uirus
355 4208 448 4264 nescio
471 4223 526 4279 qno
555 4224 619 4264 casu
643 4208 756 4275 tractus,
773 4213 819 4265 sed
836 4210 909 4268 lerro

121 4301 272 4356 medicante
286 4298 477 4369 reconinnetus
489 4309 543 4355 est.
557 4302 604 4356 Est
615 4301 691 4370 juxta
707 4301 835 4358 lliericlm
849 4302 910 4359 iona

120 4396 188 4447 uber
202 4394 234 4446 ad
250 4401 354 4462 potum,
372 4391 479 4463 pinguis
493 4392 527 4447 ad
551 4393 737 4464 irrigandum;
760 4397 806 4466 qui
823 4411 909 4467 quon·

119 4486 181 4540 dum
206 4485 306 4541 sterilis
327 4485 361 4540 ad
387 4485 584 4554 generandum,
609 4502 703 4558 parom
733 4488 851 4545 salubris
875 4489 909 4545 ad

120 4578 279 4646 potandum,
296 4591 345 4647 per
358 4575 485 4632 Elistenm
510 4578 669 4648 proplietam
687 4579 750 4634 dum
768 4593 816 4635 ras
843 4579 910 4635 salis

119 4669 146 4725 in
172 4687 234 4727 eant
262 4670 397 4738 mitteret,
423 4679 536 4726 sanatus
563 4678 616 4727 cst.
647 4669 771 4741 benique
796 4686 910 4741 campus

120 4762 295 4834 circumjacet
307 4763 477 4835 septuaginta
492 4762 642 4820 stadiorum
658 4763 684 4820 in
698 4764 908 4837 longitudinem,

120 4867 148 4913 et
165 4856 260 4928 riginti
287 4858 313 4913 in
333 4857 503 4913 latitudinem
529 4856 748 4928 paternisque
775 4857 910 4914 utirabilis

121 4950 263 5006 hortorum
281 4950 377 5021 gratia,
397 4950 474 5005 varia
489 4949 638 5019 palmarum
651 4965 762 5020 genera,
777 4959 907 5022 prmstau·

119 5042 218 5098 tissimi
244 5058 324 5113 apum
354 5042 436 5097 letus.
460 5040 520 5097 illio
545 5041 750 5111 opobalsamum
778 5045 908 5116 gignitur,

119 5135 191 5203 quod
208 5134 269 5189 ideo
292 5148 352 5188 cum
375 5132 527 5204 adjectione
543 5134 737 5204 significamus,
756 5136 821 5204 qnia
836 5137 909 5207 agri·

119 5228 185 5282 colae
206 5227 307 5283 cortice
331 5237 425 5283 tenues
441 5226 557 5297 virgulas
581 5227 669 5283 acutis
688 5226 823 5298 lapidibus
839 5229 910 5285 inci·

118 5318 198 5384 dunt,
216 5318 242 5371 in
261 5317 361 5389 quibus
381 5318 501 5374 balsama
526 5328 699 5386 generantur,
724 5327 753 5374 ut
775 5336 823 5390 per
848 5320 909 5376 illus

119 5423 251 5464 cavernas
285 5410 413 5479 paulatim
445 5410 579 5465 distillans
611 5411 709 5465 luorum
737 5425 768 5465 se
797 5411 909 5482 colligat

120 5499 246 5570 lacrymis
263 5501 375 5570 pulolrre
393 5502 557 5558 rotantibus.
571 5501 692 5558 Caverna
709 5514 798 5557 antem
810 5501 907 5558 Grscco

119 5592 229 5644 nurnine
243 5589 297 5662 ὀπὴ
310 5591 418 5646 dicitur.
429 5589 483 5645 lllic
498 5606 620 5663 cyprum,
631 5590 685 5646 illie
700 5590 906 5649 trtvrobalanum

119 5683 194 5739 nasci
212 5682 311 5739 lerunt.
333 5684 421 5755 dopna,
438 5693 467 5737 ut
480 5691 588 5750 caetera,
602 5681 727 5752 lentium,
745 5683 799 5740 illic
814 5692 905 5741 tanton

960 830 975 868 a
1004 813 1178 886 Scythopolis
1201 813 1277 870 orbis
1310 821 1394 880 terro,
1423 824 1509 883 usqne
1543 812 1576 867 ad
1611 813 1751 884 regionem

962 904 1167 961 Sodomitanam
1195 912 1223 961 et
1249 902 1407 974 nspuatuos
1435 903 1504 959 llncs
1530 901 1608 959 locus
1639 900 1753 957 diffusus

961 997 1085 1054 liabetur.
1101 998 1240 1054 Adversus
1256 998 1330 1053 bunc
1344 1009 1421 1052 mons
1436 1009 1517 1066 supra
1537 993 1698 1056 iordanem,
1716 992 1752 1048 ab

963 1089 1030 1144 urbe
1045 1087 1150 1144 iuliade
1161 1103 1250 1160 usquc
1264 1088 1298 1144 ad
1312 1086 1415 1143 zoaros
1437 1087 1545 1142 Arabiae
1560 1086 1588 1140 lu
1599 1099 1672 1141 traeae
1688 1099 1753 1140 con·

961 1181 1092 1238 tenninos
1115 1188 1253 1248 extentus,
1278 1180 1324 1235 ubi
1351 1181 1434 1235 etiarn
1459 1194 1539 1236 mons
1565 1187 1607 1234 cst
1634 1177 1753 1234 l'erreus

961 1280 1142 1342 nrrncupaaus.
1158 1269 1232 1325 lnter
1255 1270 1305 1325 lros
1320 1268 1389 1324 drtns
1410 1278 1516 1324 montes
1531 1282 1643 1337 catttpus
1664 1268 1751 1337 jacet,

961 1380 1041 1436 quem
1054 1374 1157 1420 veteres
1171 1361 1296 1434 llagnum
1310 1359 1490 1432 appellavere,
1504 1358 1638 1415 llebraiea
1658 1369 1750 1415 autern

961 1456 1067 1522 Antonr
1086 1454 1165 1527 cuius
1187 1454 1328 1527 longitudo
1357 1453 1538 1510 ducentorum
1561 1452 1671 1524 triginta
1695 1462 1753 1507 sta·

961 1550 1079 1617 diorum,
1096 1547 1210 1604 latitudo
1236 1556 1345 1603 centum
1366 1544 1461 1616 uiginti
1478 1562 1486 1601 ι
1501 1542 1646 1600 exordium
1664 1541 1754 1598 arico

963 1642 1135 1710 Genusium,
1151 1642 1213 1698 dois
1227 1654 1314 1712 usque
1333 1638 1367 1694 ad
1382 1635 1552 1708 Asplraltlmu
1577 1634 1677 1694 lecton,
1692 1632 1753 1690 lor·

962 1733 1040 1791 dariis
1061 1747 1123 1789 enm
1154 1733 1272 1788 medium
1304 1731 1462 1794 intersecat,
1479 1726 1661 1783 viridantibus
1688 1724 1754 1797 ripis

962 1825 1082 1882 bominis
1102 1823 1248 1890 allatione,
1262 1821 1395 1893 siqnidem
1420 1834 1504 1889 sopor
1530 1819 1603 1887 ripas
1620 1816 1752 1888 eprsdsro,

963 1917 1068 1974 lroctus
1095 1916 1222 1972 arborum
1246 1912 1355 1969 uberior
1378 1919 1431 1978 est,
1446 1909 1514 1966 alias
1534 1908 1614 1980 longe
1627 1905 1724 1963 exilior
1742 1923 1752 1963 a

963 2009 1038 2066 arida
1051 2008 1123 2065 enim
1135 2014 1198 2065 sunt
1209 2004 1300 2062 omnir
1316 2011 1417 2076 preter
1431 2016 1509 2059 oram
1522 1999 1651 2056 demittit.

962 2169 1027 2226 Gar.
1047 2167 1081 2224 X.
1101 2196 1137 2209 -
1150 2165 1189 2222 De
1200 2161 1452 2292 mmr'um'fm
1467 2159 1588 2219 Goliloere
1605 2160 1660 2216 aire
1675 2157 1753 2216 Tibr-

997 2373 1084 2446 ipsius
1099 2371 1226 2429 iordanis
1243 2370 1386 2429 exordium
1403 2367 1483 2441 rulgo
1509 2375 1620 2438 nutatm
1637 2364 1665 2420 ln
1687 2377 1753 2435 pro·

961 2465 1050 2520 vincia
1077 2464 1216 2528 l‘lroenice,
1240 2459 1274 2516 ad
1306 2460 1410 2515 radices
1440 2458 1540 2514 tnontis
1567 2454 1674 2518 libani,
1704 2453 1750 2509 ubi

963 2556 1089 2622 Panium,
1107 2556 1133 2611 id
1148 2563 1189 2612 est
1202 2553 1326 2610 Caesarea
1341 2551 1469 2622 Pbilippi,
1482 2550 1535 2605 sita
1552 2557 1606 2603 est.
1623 2545 1702 2604 Unde
1723 2553 1754 2602 ct

963 2651 1034 2706 idem
1064 2648 1188 2715 Panium,
1205 2648 1256 2702 lroo
1285 2654 1339 2711 est,
1355 2643 1494 2715 speleum,
1516 2655 1565 2710 per
1592 2639 1663 2709 qnod
1691 2651 1754 2695 acre

963 2743 1062 2799 attollit
1073 2740 1212 2807 iordanis,
1226 2752 1242 2792 a
1259 2751 1322 2808 rege
1335 2735 1454 2808 Agrippa
1477 2734 1577 2789 decore
1599 2727 1753 2785 admirabili

964 2844 1134 2891 exstructum
1160 2838 1388 2898 venustatumque
1407 2823 1573 2894 accepimus.
1597 2820 1644 2876 llst
1660 2829 1751 2876 antero

964 2925 990 2981 iu
1010 2921 1206 2980 Trachonitidc
1221 2928 1293 2976 terra
1309 2919 1371 2974 lons
1396 2924 1462 2971 rotae
1485 2912 1643 2984 qualitatem
1660 2909 1753 2978 erpel-

964 3038 1050 3089 mens,
1068 3020 1138 3077 unde
1152 3028 1179 3075 et
1192 3017 1293 3073 l'lriale
1317 3029 1414 3071 nomen
1436 3011 1552 3081 accepit,
1568 3007 1753 3081 quindecima

963 3115 1085 3172 Caesarea
1113 3111 1232 3167 millibus
1256 3122 1385 3179 passuum
1410 3104 1557 3167 discretus,
1581 3101 1619 3156 lta
1649 3098 1754 3170 jugtna

963 3209 1060 3278 plenus
1076 3219 1219 3276 aquarum,
1236 3210 1266 3256 ut
1283 3214 1371 3269 neque
1399 3195 1578 3265 superquam,
1597 3204 1685 3262 neque
1698 3202 1752 3245 nn·

962 3315 1046 3372 quam
1077 3298 1244 3352 minuantur.
1273 3289 1302 3348 ln
1332 3290 1405 3346 lmnc
1432 3288 1575 3357 l‘lvilipptts
1601 3283 1755 3339 tetrarcltrr

962 3391 1084 3460 ejrrsdem
1103 3387 1220 3456 regionis
1243 3385 1335 3456 paleas
1359 3382 1444 3447 misit,
1462 3395 1530 3449 quas
1553 3379 1581 3433 iu
1599 3375 1683 3431 Panic
1701 3373 1755 3428 do·

963 3481 1022 3536 vius
1047 3478 1178 3534 ebullivit.
1206 3474 1284 3531 Unde
1310 3473 1396 3544 liquet
1420 3472 1448 3527 in
1464 3471 1559 3526 Phiala
1586 3466 1751 3538 principium

963 3586 1024 3629 esse
1053 3569 1191 3636 iordanis,
1216 3568 1263 3624 sed
1281 3577 1341 3637 post
1364 3564 1560 3621 subterraneos
1590 3572 1697 3618 meatur
1725 3560 1753 3616 itt

963 3664 1050 3720 Penio
1062 3662 1180 3733 coepisse
1196 3661 1337 3724 lluentom,
1353 3657 1400 3728 qui
1416 3672 1478 3712 mox
1495 3657 1583 3713 lacum
1600 3656 1753 3726 ingressos,

963 3756 1077 3828 paludes
1093 3755 1154 3825 ejus
1171 3753 1339 3808 intersecat:
1357 3749 1418 3806 ludo
1434 3762 1541 3819 «poaque
1569 3761 1667 3802 rursus
1688 3759 1754 3802 suos

964 3850 1095 3923 dirigens,
1115 3847 1269 3919 quindecim
1286 3844 1369 3900 ttrillia
1392 3859 1522 3914 passuum
1546 3841 1606 3898 sine
1632 3840 1685 3895 ulla
1710 3838 1755 3896 itt·

966 3941 1115 3997 tet-lusione
1126 3936 1299 4010 progreditur
1310 3949 1397 4005 usqne
1407 3937 1440 3988 ad
1452 3931 1547 3987 urbem
1556 3930 1599 3985 cui
1607 3928 1695 3985 iulias
1704 3942 1755 3984 oo·

964 4047 1026 4087 men
1037 4039 1095 4087 est:
1105 4038 1199 4101 postea
1210 4027 1295 4082 lacum
1304 4023 1426 4080 Genesar
1436 4023 1525 4077 medio
1533 4020 1630 4076 trartsit
1638 4019 1752 4075 llueoto.

965 4122 1042 4180 Unde
1054 4122 1170 4191 plurima
1191 4120 1409 4189 circumvagatus
1425 4113 1609 4181 dsplraltium,
1629 4111 1682 4165 lroc
1698 4116 1754 4176 est,

963 4214 1098 4270 llortunm
1116 4228 1191 4268 mare
1215 4212 1365 4281 ingressos,
1383 4205 1531 4262 laudabiles
1552 4202 1641 4275 prodit
1655 4214 1753 4272 aquas.

963 4306 1010 4361 list
1026 4306 1098 4360 enim
1112 4303 1209 4359 coloris
1224 4302 1290 4369 albi,
1307 4301 1379 4355 siout
1392 4299 1445 4366 lac,
1460 4309 1488 4352 ct
1504 4297 1540 4352 ob
1558 4298 1607 4350 boc
1632 4295 1659 4349 iu
1683 4291 1753 4349 muri

962 4398 1072 4454 llortuo
1083 4395 1162 4467 longo
1175 4395 1284 4450 tramite
1300 4391 1473 4447 discernitur.
1489 4388 1537 4444 Est
1553 4394 1643 4442 autem
1662 4383 1754 4442 Gene-

963 4508 1020 4558 sar,
1039 4492 1133 4558 idest,
1153 4503 1228 4544 snare
1254 4485 1373 4542 Galilaere
1402 4483 1509 4554 nmguis
1533 4481 1609 4537 silvis
1635 4479 1755 4535 circum·

964 4587 1072 4648 datum,
1088 4585 1115 4638 in
1129 4582 1297 4652 longitudine
1320 4579 1423 4634 babens
1440 4584 1548 4631 centnm
1573 4570 1756 4644 quadraginta

963 4677 1051 4734 starlia
1067 4690 1144 4745 aquae
1158 4673 1256 4740 dulcis,
1272 4670 1346 4727 etad
1368 4671 1516 4741 potandum
1533 4667 1643 4722 babilis.
1661 4662 1754 4734 Siqui-

964 4769 1027 4825 dem
1054 4781 1105 4822 neo
1133 4764 1263 4835 palustris
1292 4761 1401 4831 uliginis
1427 4774 1549 4816 erassum
1579 4757 1681 4828 aliquid
1707 4765 1755 4811 ant

964 4861 1103 4916 turbidum
1120 4858 1225 4928 recipit,
1240 4856 1304 4926 quia
1317 4867 1432 4909 arenoso
1448 4852 1567 4920 undique
1585 4851 1678 4905 littore
1695 4850 1752 4905 cir·

963 4954 1135 5010 currrvenitur
1150 4967 1158 5004 ι
1175 4949 1224 5007 sed
1248 4957 1276 5003 ct
1300 4946 1416 5003 arumnis
1429 4946 1617 5001 circumdatur
1633 4941 1753 5013 oppidis,

963 5045 997 5100 ab
1010 5044 1116 5100 oriente
1127 5042 1235 5099 iuliade
1253 5051 1281 5096 et
1296 5038 1393 5108 llippo,
1409 5038 1442 5093 alt
1456 5036 1598 5091 occidente
1611 5033 1754 5088 Tiberiade

964 5137 1042 5206 aquis
1059 5135 1155 5190 calidis·
1173 5132 1273 5189 salubri
1286 5152 1292 5188 :
1302 5146 1400 5202 genera
1417 5143 1525 5200 qunque
1545 5128 1660 5199 piscium
1674 5136 1754 5196 gustu

962 5239 989 5282 et
1004 5229 1095 5298 specie
1109 5241 1190 5297 quam
1205 5226 1231 5280 in
1252 5224 1305 5279 alio
1318 5224 1378 5277 lacu
1395 5221 1595 5277 praestantiora.

962 5388 1026 5446 Cae.
1045 5386 1090 5443 xl.
1106 5417 1141 5428 —
1157 5388 1194 5443 De
1216 5386 1286 5440 utari
1306 5385 1423 5443 llortso.
1438 5394 1462 5438 et
1486 5394 1584 5437 natare
1607 5381 1676 5451 ejus,
1701 5380 1754 5435 aire

1229 5457 1377 5525 adjacentia
1394 5467 1483 5510 terto.

997 5591 1074 5649 liare
1091 5589 1226 5646 liortuom
1239 5589 1408 5663 longitndine
1424 5577 1753 5656 stadiorum'quingento·

970 5702 1029 5743 rum
1043 5687 1179 5758 octoginta
1197 5701 1281 5758 osque
1303 5685 1337 5743 ad
1353 5681 1457 5741 zoaros
1479 5681 1596 5749 Arabiae,
1610 5678 1756 5737 latitudine
