3802 6126
147 261 218 330 ltaa

146 387 228 447 eaput
254 375 355 431 haltere
377 371 545 443 tllgnaretnr.
571 367 682 424 hlissnrn
701 381 767 436 erpo
792 363 820 418 in
844 362 932 430 ignem

148 469 299 535 sudarium,
315 467 399 522 veloci
416 475 493 537 raptu
511 463 640 532 ellupicus
658 462 758 522 euolat,
772 467 800 513 et
816 456 844 511 ln
863 469 939 510 sutu-
957 447 962 461 ’“

148 577 195 620 nro
220 577 283 618 aere
309 560 461 616 diutisslute
485 558 559 626 quasi
576 554 694 609 lrnlerrrlo
711 550 886 612 rolncritans,
902 545 936 600 ad

147 653 273 709 altimum
290 652 397 708 cunetis
414 650 540 717 ntrirupre
563 645 740 709 intuentilms,
757 656 817 698 sese
840 637 937 694 let-iter

149 744 177 801 lu
191 745 331 816 cniusdam
354 744 388 799 de
411 742 563 798 Christiana
589 739 668 808 plehe
693 736 783 791 sinum
799 730 937 799 tleposuit,

148 837 221 909 qood
245 851 325 892 tuane
343 851 404 890 mort
427 843 499 888 totus
520 830 636 901 popalus
660 841 765 883 summa
782 839 842 880 enm
855 835 939 878 rena·

149 929 255 986 ratione
277 927 411 983 salutabat
438 935 465 980 et
491 921 674 978 osculabatur.
700 919 822 973 llahehat
848 923 936 969 aalma

148 1020 324 1092 longitndinls
353 1018 436 1089 perles
463 1026 535 1071 neto.
564 1011 644 1067 ltttul
665 1024 773 1082 quoqne
800 1007 938 1078 aliquanto

149 1110 238 1181 rusius
250 1111 363 1165 linlenrn
386 1109 414 1163 in
430 1107 543 1163 ecelesia
564 1104 610 1158 illa
627 1111 780 1165 teneratur,
797 1102 867 1169 qnotl
883 1097 938 1154 icr-

145 1208 220 1255 tura
234 1208 327 1253 saneta
350 1196 433 1252 llario
457 1205 625 1256 contextum,
644 1191 786 1247 duodecim
800 1187 937 1258 apostolo·

150 1306 208 1346 rant
225 1300 254 1347 ιι
268 1292 352 1362 ipsios
364 1289 468 1343 Domini
480 1289 623 1342 coutitrens
636 1284 778 1355 imagines,
788 1297 841 1337 nno
852 1281 937 1336 latere

150 1384 275 1452 ruheutrt,
291 1394 319 1441 et
336 1385 421 1438 altero
435 1381 529 1436 nirirle.

148 1519 215 1576 Car.
234 1517 266 1572 V.
284 1547 317 1560 -
336 1515 372 1571 De
387 1515 451 1571 locis
469 1517 540 1569 circu
556 1513 734 1575 Hierusalem,
745 1521 769 1567 et
787 1509 897 1566 ecelesia
909 1509 938 1564 itt

192 1587 262 1644 ealle
274 1585 416 1657 iosaphat,
432 1586 476 1640 triti
489 1585 593 1655 sepulto
610 1586 661 1654 luit
681 1594 773 1639 renota
787 1580 889 1637 Morio.

183 1725 263 1783 Circa
280 1723 495 1795 Hierosolymam
511 1738 607 1792 aspera
622 1732 650 1777 et
665 1729 807 1777 montuosa
821 1734 939 1775 cerann-

148 1826 195 1876 ιιιι
211 1822 270 1875 loca
286 1835 295 1874 ι
311 1816 374 1873 hinc
386 1830 495 1887 ottoque
508 1815 723 1885 septentrionem
736 1828 832 1869 tersas
853 1827 938 1880 ustpre

148 1911 183 1966 sti
201 1910 381 1967 arimathiam
401 1919 474 1964 terra
499 1917 606 1978 petrosa
624 1916 650 1961 et
667 1920 763 1975 aspera
782 1920 830 1975 per
853 1905 939 1960 inter·

92 2011 93 2016 ’
150 2001 221 2059 ralla
235 2010 420 2057 monstratur:
438 2000 521 2056 ualles
535 2014 643 2069 quoquo
665 1997 782 2068 spinosae
804 1996 938 2067 usquead

150 2094 329 2151 Tamniticam
349 2093 485 2164 regionem
501 2102 642 2161 patentes:
653 2093 687 2145 ιιι
703 2090 857 2146 Caesaream
873 2103 938 2144 nero

150 2187 300 2244 Palaestinae
329 2187 363 2241 ah
390 2183 471 2250 AElia,
495 2185 620 2255 qnaturis
649 2183 738 2252 aliqua
769 2182 938 2250 reperiantur

149 2290 264 2350 augusta
278 2288 306 2333 et
317 2277 408 2333 hretia
422 2286 501 2346 atque
512 2290 607 2344 aspera
620 2273 689 2338 loca,
699 2274 832 2345 praecipua
847 2282 937 2329 tamen

150 2368 277 2440 planities
297 2382 455 2438 eatupornru
477 2368 549 2421 inest
571 2367 739 2435 interpositis
752 2367 871 2420 olivetis.
892 2365 939 2418 hi-

149 2471 223 2518 staut
236 2472 326 2517 antem
342 2462 511 2529 septuaginta
526 2459 645 2528 qnitnpne
663 2459 781 2514 millihns
797 2473 938 2527 passuum,

150 2553 291 2623 lotrpitmlo
307 2567 370 2608 uero
385 2550 477 2606 Terrae
496 2550 723 2619 lleprnnrissionis
747 2564 762 2604 a
781 2548 838 2604 llarr
855 2565 940 2621 usque

149 2644 293 2710 Bersabee,
305 2645 424 2699 tetulittrr
438 2645 526 2712 spatio
536 2651 644 2696 eetttum
660 2643 797 2712 sexaginta
812 2642 938 2709 millium,

148 2735 185 2791 nh
199 2733 285 2807 ioppe
301 2749 386 2804 usque
399 2733 536 2789 Bethleem
552 2734 728 2803 qrtatlrapiner
744 2747 790 2789 ser
810 2733 938 2789 millibus.

150 2827 232 2883 Juxta
259 2842 367 2882 morum
400 2825 491 2895 tetrrpli
509 2826 549 2880 rel
578 2824 744 2881 lliertrsaleru
775 2826 809 2879 ah
833 2826 940 2882 oriente

151 2918 300 2976 Goltetrnon
333 2920 463 2982 occinuit,
490 2934 550 2987 tpnrn
577 2925 618 2973 est
644 2917 722 2974 nallis
748 2915 889 2988 iosaphat,
923 2932 938 2972 a

149 3012 352 3081 septentrionali
374 3011 450 3080 plaga
468 3012 494 3065 itr
511 3018 632 3064 anstrum
648 3020 784 3079 porrecta,
795 3025 842 3078 per
857 3025 939 3078 quam

150 3113 257 3158 torrens
270 3101 388 3169 Cedron,
401 3105 423 3158 si
438 3103 546 3171 prrmrrlo
564 3103 713 3172 pluviarum
728 3119 813 3172 aquas
831 3104 939 3173 recipit,

149 3194 282 3252 decurrtt.
299 3194 362 3248 lianc
375 3195 453 3247 vallis
477 3200 504 3247 el
526 3208 606 3261 parua
621 3195 709 3263 canrpi
726 3193 864 3263 planities,
880 3194 941 3248 irri-

149 3301 202 3356 pna
226 3296 254 3342 et
279 3299 433 3348 nemorosa,
459 3284 592 3354 plenaque
618 3284 733 3352 delitiis,
750 3286 840 3341 lucum
864 3288 891 3341 in
909 3302 940 3343 se

149 3377 286 3449 quantiam
311 3375 386 3430 Bauli
411 3390 518 3431 saernnr
547 3376 654 3430 hahuit.
670 3375 701 3431 hr
721 3377 772 3432 lrac
797 3377 881 3433 turris
897 3387 939 3434 est

149 3465 221 3536 regis
246 3463 387 3535 iosaphat,
411 3464 564 3535 sepulcrum
590 3466 648 3534 eius
677 3468 821 3522 entrtinens
838 3484 845 3522 ι
863 3469 941 3538 enjus

149 3556 184 3609 atl
198 3555 320 3610 tlerttraru
340 3555 374 3610 dc
389 3571 456 3626 rapo
477 3557 577 3612 montis
600 3559 695 3613 tilitreti
713 3559 805 3615 cteisa
820 3568 846 3616 et
861 3576 939 3632 sepa-

150 3654 208 3700 rats
223 3645 322 3701 domus
347 3646 402 3701 tlno
428 3657 524 3701 carata
552 3647 634 3703 hahet
659 3650 795 3720 sepulcra,
812 3651 863 3705 hoc
883 3662 937 3718 est,

151 3736 288 3796 Simeonis
311 3738 394 3804 senis,
418 3749 446 3795 et
472 3737 572 3809 ioseph
595 3753 697 3797 saneta
719 3741 811 3797 llaria
833 3744 936 3813 sponsi.

151 3828 180 3886 ln
194 3829 288 3884 eatlent
305 3828 377 3885 ualle
392 3829 498 3888 Sanctae
512 3831 603 3888 hieriae
619 3834 733 3889 rotuntla
750 3844 792 3890 est
811 3834 939 3904 eeclesia,

150 3921 256 3992 lapideo
288 3924 409 3981 tabulato
438 3925 566 3991 tliscreta,
592 3927 672 3997 cutus
701 3931 728 3983 in
755 3929 941 3997 superioribas

149 4025 265 4084 prrattror
297 4017 404 4083 altaria,
423 4017 449 4072 hr
464 4018 639 4076 inferioribus
663 4036 744 4074 rrnnur
771 4021 889 4077 hahetur
912 4022 939 4077 iu

148 4107 274 4163 orientali
294 4108 381 4178 plaga,
399 4121 427 4166 et
441 4113 475 4166 aa
500 4112 561 4182 ejus
581 4113 705 4183 nestram
734 4122 939 4170 mouumentum

148 4207 193 4255 est
219 4214 345 4267 vacnum,
373 4202 399 4257 in
427 4219 481 4273 qno
507 4214 601 4272 sancta
631 4203 714 4260 llaria
739 4206 786 4261 hei
815 4205 939 4262 Genitrlr

149 4292 306 4362 aliquandiu
322 4309 452 4363 pausasse
464 4296 580 4354 tlicltnr:
595 4297 643 4352 seri
666 4312 682 4353 a
703 4314 757 4369 qno
774 4298 815 4355 rel
831 4299 940 4370 qnando

149 4384 186 4440 sit
217 4384 306 4440 alrlara
344 4386 473 4442 nescitur.
509 4389 586 4444 lianc
619 4390 753 4447 intratttes
787 4392 880 4447 sitient
905 4392 940 4447 ad

148 4476 271 4532 dextram
290 4476 423 4535 insertam
437 4479 534 4550 parieti
550 4491 667 4552 petram,
682 4483 708 4537 in
732 4499 785 4553 qua
809 4483 939 4540 Dontiuns

149 4579 308 4642 artemque
341 4573 510 4639 tratlehntur,
540 4576 639 4642 orarit,
666 4576 790 4649 vestigiis
820 4592 938 4648 genuam

148 4663 227 4731 tpuasi
240 4678 311 4719 ceree
325 4665 398 4720 molli
417 4665 569 4737 impressis.

147 4823 203 4882 Car
231 4824 274 4880 tlt.
284 4858 315 4869 -
329 4826 367 4881 De
383 4837 470 4883 moute
484 4828 592 4893 oliveti,
606 4838 631 4883 rt
643 4829 753 4884 ecclesio
769 4828 939 4899 initantum,

300 4898 345 4952 oli
362 4897 492 4954 Dorrrirrns
512 4902 547 4954 od
560 4900 638 4956 celos
653 4901 793 4956 uscerrdit:

183 5031 263 5089 Mons
290 5031 441 5100 olivarnm,
462 5034 537 5090 mille
562 5035 596 5090 ah
620 5034 788 5092 hierusalem
805 5037 940 5095 discretus

149 5128 284 5197 passibus,
300 5129 443 5185 altitudine
459 5132 544 5186 tnouti
561 5129 625 5186 Sion
642 5146 690 5199 par
705 5141 764 5198 est;
781 5134 828 5187 secl
844 5133 940 5189 latitu-

148 5222 213 5279 dine
238 5233 267 5278 et
296 5221 464 5293 lonpitntliue
491 5231 613 5292 praestat,
640 5223 761 5291 exceptis
788 5226 886 5279 ritihus
912 5233 940 5282 et

149 5316 239 5381 oltrts,
256 5331 326 5371 rarae
341 5313 416 5371 ieras
434 5315 552 5380 arboris,
569 5315 696 5372 lrumetrti
712 5329 819 5384 qrreqne
833 5326 860 5372 et
876 5318 940 5373 hor·

149 5405 193 5463 tlei
219 5406 327 5464 lertilis.
354 5406 448 5479 licque
475 5409 547 5464 enim
575 5408 703 5473 hrucosa,
720 5407 768 5463 sed
783 5409 897 5466 herhosa
912 5423 940 5468 et

149 5493 242 5553 horitla
257 5497 306 5552 soli
323 5497 396 5553 illins
412 5506 453 5553 est
467 5498 596 5568 praelitas:
618 5499 647 5551 ln
667 5498 745 5568 cnjus
758 5511 865 5553 summo
879 5510 940 5552 trer-

150 5588 215 5650 riou.
235 5591 280 5646 uhi
305 5589 435 5646 llomirurs
458 5591 492 5647 atl
516 5590 602 5646 etelos
617 5589 753 5655 asccnrlit,
768 5589 885 5646 ecclesia
900 5603 940 5643 ro·

147 5678 232 5736 lunia
261 5681 386 5754 granulis,
413 5691 506 5741 ternas
536 5698 585 5757 per
612 5683 755 5742 circuitum
784 5691 937 5740 cameratas

616 258 667 318 tlh
689 249 904 316 ttnnrtttet..
926 246 1036 308 BEDAE
1056 246 1300 311 APPENDIOES.

1710 241 1784 310 ltsl

992 357 1074 412 hahet
1099 359 1220 428 partiens
1245 358 1364 427 desuper
1395 364 1493 414 tectas.
1521 355 1639 415 interior
1662 373 1787 429 namquo

966 448 969 453 “
988 448 1086 502 tlnnrrrs
1097 458 1206 518 propter
1222 446 1355 503 Dntrrirriei
1373 446 1495 517 eorporis
1509 457 1628 504 meatum
1644 449 1786 505 camerari

987 548 1015 596 et
1036 539 1088 609 tegi
1106 555 1159 595 rrou
1175 541 1274 610 potuit,
1288 540 1375 595 alterrs
1394 541 1428 595 ad
1449 540 1583 595 orlentetu
1609 538 1717 596 hahens
1733 556 1784 594 arr·

987 641 1067 703 gusto
1081 631 1200 689 eulmine
1224 643 1375 704 protectam
1390 651 1398 688 ι
1412 633 1439 688 ln
1466 631 1543 700 cujtts
1569 633 1659 688 tuetlio
1686 633 1784 688 ultima

988 724 1093 779 llomini
1107 725 1217 794 vestigia
1232 725 1302 781 cosio
1317 726 1434 794 tlesnper
1448 733 1569 795 patente,
1584 724 1630 780 uhi
1646 726 1784 792 ascendit,

989 814 1125 872 uisuntur.
1144 816 1209 883 Ωιι
1235 831 1297 872 cnm
1322 816 1442 887 qnotidie
1465 831 1481 872 a
1504 817 1681 873 ererlentihns
1707 825 1785 873 terra

989 906 1111 974 tollatur,
1145 906 1325 963 nihilominus
1352 917 1455 972 uranei,
1483 908 1663 978 carnalemque
1691 909 1785 964 atilrtrc

988 1000 1107 1068 speeiem
1132 997 1213 1054 telnli
1234 998 1374 1069 impressis
1397 999 1502 1070 sigtrala
1527 1000 1651 1070 vestigiis
1675 1009 1781 1055 serrat.

989 1087 1053 1146 liare
1066 1090 1139 1146 cirea
1154 1105 1225 1147 aaron
1246 1101 1304 1147 rota
1318 1089 1392 1159 lacet
1406 1106 1492 1162 usque
1511 1091 1545 1147 acl
1560 1091 1696 1148 eerrieenr
1713 1092 1781 1158 alar,

989 1180 1024 1236 ah
1037 1195 1136 1237 occasu
1161 1183 1264 1239 hahens
1283 1182 1436 1251 introitum,
1460 1184 1594 1254 partiente
1620 1184 1740 1254 desurper
1753 1184 1781 1238 itr

989 1272 1118 1328 troelrleis
1146 1289 1240 1343 magna
1277 1274 1409 1345 larrrpatle,
1426 1283 1538 1344 totapne
1566 1272 1611 1328 dio
1640 1289 1674 1329 ac
1701 1283 1785 1330 uncte

990 1358 1109 1416 lucente.
1135 1360 1163 1417 lo
1180 1362 1341 1419 occiacrnah
1361 1361 1483 1433 ejusdem
1511 1362 1634 1418 eeclesiae
1647 1373 1728 1433 parte
1743 1362 1782 1418 le·

990 1461 1089 1508 nestrae
1116 1463 1189 1519 octo,
1214 1455 1380 1525 totidemque
1411 1469 1427 1510 e
1455 1455 1565 1524 regione
1585 1455 1727 1525 lampades
1753 1458 1782 1510 iu

988 1542 1100 1599 lenibus
1115 1544 1261 1614 pendentes
1274 1560 1361 1617 nsque
1376 1545 1592 1616 Hierosolymam
1610 1559 1658 1614 per
1677 1546 1782 1599 nitrum

988 1633 1101 1707 lnlgeut,
1117 1652 1231 1708 quarum
1251 1638 1295 1693 lus
1310 1639 1392 1694 corda
1409 1637 1573 1694 intuentium
1585 1650 1646 1691 cnm
1657 1637 1781 1707 quaeant

988 1729 1132 1786 alacritate
1159 1739 1186 1786 et
1213 1730 1421 1800 compunctione
1447 1728 1608 1800 pavefacere
1623 1727 1737 1783 eicitur.
1752 1727 1783 1782 lu

989 1819 1033 1875 die
1048 1820 1223 1877 ascensionis
1237 1821 1392 1890 Dotrriniete,
1402 1834 1450 1892 per
1465 1833 1551 1876 anuos
1562 1818 1684 1889 singulos
1698 1820 1783 1874 missa

990 1925 1109 1992 peracta,
1123 1915 1205 1969 ralitli
1229 1913 1346 1970 aarutnis
1372 1912 1492 1984 procella
1514 1913 1661 1968 rlesursnm
1683 1911 1781 1967 tenire

988 2008 1141 2075 eoustterit,
1165 2014 1192 2062 et
1216 2020 1311 2061 ornnes
1332 2005 1377 2074 tpnl
1394 2005 1421 2060 itr
1441 2003 1557 2060 eeclesia
1571 2003 1686 2068 luerint,
1707 2011 1783 2056 terra

988 2112 1175 2174 prosternere.
1194 2098 1260 2154 Tota
1278 2098 1313 2153 ibi
1335 2096 1380 2152 illa
1399 2105 1477 2151 noeto
1492 2096 1612 2150 lucernae
1625 2095 1735 2159 ardent,
1751 2103 1782 2146 nt

989 2207 1044 2248 tran
1055 2190 1185 2245 illustrari
1202 2198 1318 2253 tutatum,
1333 2188 1382 2243 sctl
1397 2198 1425 2242 et
1440 2187 1536 2242 ardere
1554 2201 1633 2241 mous
1649 2198 1700 2255 per
1715 2199 1785 2254 strp-

990 2286 1076 2357 posita
1105 2284 1163 2340 loca
1190 2284 1344 2338 rideantur.
1361 2281 1393 2336 Et
1420 2279 1502 2352 hujus
1528 2293 1638 2350 quoqne
1663 2276 1786 2335 trasitium

990 2379 1103 2449 liguram
1120 2391 1175 2446 prae
1190 2373 1276 2430 oeulis
1291 2373 1438 2444 depingere
1452 2371 1565 2441 placuit.

1219 2465 1308 2537 (Deest
1322 2466 1410 2535 patero
1421 2464 1449 2517 irr
1469 2461 1547 2532 atos.)

1025 2561 1229 2617 llounmentmn
1255 2557 1352 2612 Lazari
1374 2554 1490 2612 ecelesia
1514 2554 1613 2609 ihitlem
1638 2561 1782 2609 exstructa

991 2653 1172 2717 detrronstrat,
1200 2660 1228 2705 et
1258 2647 1451 2705 nronaslerium
1482 2645 1588 2717 prantle
1621 2644 1649 2700 itr
1683 2658 1782 2714 campo

991 2745 1107 2816 quodam
1130 2742 1279 2807 Betlrauiae,
1299 2755 1394 2810 magua
1410 2737 1547 2794 Oliratnm
1574 2736 1641 2792 silua
1664 2736 1783 2790 ciream·

991 2835 1094 2892 tlattrm.
1114 2835 1160 2887 Est
1184 2842 1274 2887 autern
1297 2829 1428 2884 lletlrnnia
1445 2825 1601 2896 tpnintleeirrr
1623 2824 1724 2881 stadiis
1747 2823 1785 2879 ah

990 2925 1153 2982 ierusalem.
1176 2923 1269 2978 Tertia
1305 2935 1413 2991 qrroqne
1449 2917 1572 2988 ejusdem
1607 2915 1709 2970 montis
1750 2914 1785 2968 aul

991 3017 1138 3076 australem
1174 3014 1314 3070 Bethania
1351 3023 1456 3079 partem
1490 3006 1606 3065 ecclesia
1642 3014 1698 3071 est,
1736 3006 1783 3060 uhi

992 3110 1122 3166 llornirrns
1145 3119 1209 3163 ante
1232 3107 1387 3179 passionem
1411 3100 1552 3174 eliseipnlis
1571 3102 1605 3158 tle
1623 3099 1668 3156 die
1685 3098 1784 3170 judieii

991 3199 1121 3269 loquitur.

990 3347 1056 3407 Gar.
1073 3345 1234 3403 vii-Dc
1251 3346 1303 3399 ritrt
1327 3344 1472 3410 Bethleem,
1488 3355 1513 3399 el
1535 3345 1568 3400 de
1595 3343 1708 3398 ecclesio
1738 3343 1785 3399 atri

1026 3429 1105 3474 tratas
1120 3419 1170 3483 fuit
1189 3418 1326 3478 Dortrirntr,
1345 3429 1368 3469 et
1381 3418 1413 3470 tle
1426 3415 1554 3485 sepulcris
1570 3415 1655 3470 Deoia
1670 3424 1695 3469 et
1716 3411 1783 3466 tlte-

1027 3490 1141 3559 rotrpmi,
1159 3500 1181 3542 ιι
1197 3489 1279 3540 triam
1295 3495 1443 3556 postorum.

1026 3648 1175 3714 Bethleem,
1197 3662 1244 3702 sex
1268 3646 1387 3702 millibus
1421 3645 1447 3701 irt
1482 3654 1604 3700 anstrum
1627 3644 1662 3701 ah
1690 3642 1785 3698 {liero-

990 3740 1095 3813 solyma
1109 3747 1224 3805 secreta,
1241 3741 1267 3793 ln
1284 3739 1365 3795 dorso
1380 3739 1432 3794 sita
1447 3746 1490 3794 est
1513 3747 1627 3808 augusto
1652 3751 1688 3791 ιι
1710 3733 1785 3792 ornui

991 3844 1069 3905 parte
1087 3831 1202 3888 ualllhtrs
1215 3833 1395 3899 circumdato,
1404 3832 1439 3888 ah
1451 3831 1591 3888 oeeitlerue
1607 3830 1634 3885 iu
1648 3829 1782 3885 orientem

990 3922 1065 3979 rnille
1090 3923 1215 3992 passibus
1238 3922 1329 3992 longa,
1354 3922 1450 3978 hunrih
1477 3922 1537 3977 sine
1563 3919 1685 3975 turribus
1707 3933 1785 3973 uteru

991 4030 1039 4086 per
1069 4024 1191 4073 extrema
1219 4015 1290 4086 plani
1324 4013 1437 4070 verticis
1463 4013 1615 4079 instructo,
1646 4011 1674 4066 in
1705 4008 1783 4078 cujus

990 4107 1115 4164 orientali
1138 4107 1246 4177 arrprln,
1263 4107 1340 4177 quasi
1362 4106 1497 4176 quoddam
1521 4103 1645 4160 uaturnle
1660 4102 1783 4158 semian-

992 4210 1063 4257 trtttn
1083 4209 1134 4268 est,
1151 4201 1227 4270 etrp'us
1240 4203 1362 4256 exterior
1382 4215 1445 4271 pars
1470 4198 1619 4253 nativitalis
1636 4195 1783 4251 Dantirricae

991 4294 1075 4351 luisse
1096 4294 1197 4350 dieitur
1222 4292 1307 4360 loeus,
1328 4292 1442 4348 interior
1460 4289 1585 4359 Praescpe
1613 4286 1720 4342 hanrini
1733 4303 1783 4341 no-

991 4386 1121 4442 uritratnr.
1136 4384 1199 4441 llaec
1212 4386 1340 4455 spelunca
1358 4393 1414 4440 tota
1440 4383 1553 4439 interius
1566 4382 1690 4451 pretioso
1710 4393 1784 4434 taar-

990 4491 1067 4532 moro
1083 4486 1164 4541 tecta,
1181 4490 1262 4545 snpra
1278 4475 1365 4545 ipsunt
1379 4474 1467 4529 locum
1490 4474 1537 4529 uhi
1556 4474 1688 4528 hominus
1704 4481 1783 4525 natus

990 4566 1135 4636 specialius
1149 4566 1276 4632 traditur,
1298 4564 1405 4622 Sanctae
1428 4565 1519 4620 llariac
1542 4563 1674 4636 grandem
1696 4569 1784 4632 gestat

990 4659 1145 4717 ecclesiam.
1175 4659 1255 4713 Petra
1279 4658 1356 4729 juxta
1388 4672 1495 4713 taurum
1526 4665 1635 4722 carata,
1664 4654 1783 4724 primunr

991 4753 1124 4809 Dorniniei
1160 4751 1283 4823 eorporis
1316 4749 1454 4807 lavacrum
1485 4749 1519 4804 tle
1550 4760 1629 4801 more
1668 4744 1784 4799 missurn

990 4846 1150 4914 suscipiens,
1179 4844 1311 4899 ltactenus
1336 4851 1427 4898 serrat
1453 4858 1461 4897 ι
1488 4854 1547 4909 quar
1574 4838 1598 4895 si
1625 4852 1680 4907 qua
1712 4835 1785 4893 lorte

990 4939 1133 4996 occasione
1147 4939 1187 4993 sel
1200 4935 1333 4991 inrlnstria
1349 4935 1431 4991 luerit
1443 4936 1587 4996 erlransta,
1605 4930 1784 4986 nihilominus

990 5032 1129 5097 eontinuo,
1155 5031 1219 5085 tltnrr
1247 5030 1368 5098 respicit,
1392 5029 1461 5083 sient
1488 5034 1550 5081 ante
1567 5024 1677 5091 irrorat,
1704 5021 1784 5093 plena

990 5125 1132 5181 reclaudat.
1154 5124 1194 5178 hcl
1218 5123 1370 5193 etprilonetn
1399 5121 1537 5176 Bethleem
1557 5120 1585 5174 in
1606 5118 1678 5173 valle
1692 5115 1783 5171 eonti-

990 5230 1053 5288 ιιι,
1064 5215 1219 5286 sepulerum
1231 5215 1313 5269 Daniel
1323 5215 1348 5269 iu
1356 5214 1446 5269 tnerlio
1454 5212 1575 5268 ecelesias
1584 5209 1680 5266 httrnili
1693 5207 1786 5278 lapitle

991 5307 1100 5375 tegitur,
1115 5305 1239 5375 lampado
1260 5307 1431 5375 superposita
1447 5321 1455 5359 ι
1471 5304 1504 5357 atl
1528 5309 1652 5357 atrsttunr
1670 5315 1737 5355 tero
1759 5300 1785 5353 ln

990 5397 1060 5452 ralle
1079 5397 1205 5466 contigua
1221 5397 1247 5452 iu
1264 5396 1391 5463 ecclesia,
1404 5402 1557 5467 sepulcrum
1570 5395 1600 5449 S.
1611 5392 1786 5461 llierouptui.

990 5489 1076 5547 Porro
1097 5491 1130 5547 ad
1153 5492 1285 5546 orientem
1315 5491 1341 5546 iu
1371 5501 1445 5546 tarro
1470 5491 1552 5555 ster,
1572 5488 1598 5544 iri
1615 5496 1660 5544 est
1684 5490 1787 5558 propio,

991 5584 1065 5643 rnille
1094 5584 1218 5655 passibus
1244 5584 1387 5641 acititate
1411 5592 1551 5655 segregata
1583 5589 1625 5637 est
1654 5581 1788 5646 ecelesia,

993 5678 1075 5736 trinta
1103 5687 1242 5750 pastorum
1271 5679 1418 5737 hurrrirrtcac
1437 5676 1589 5759 nativitatis
1608 5677 1789 5735 consciorum
