3802 6126
140 205 196 296 111
709 228 1209 290 1111.11.-111τ11111111111.
1716 223 1775 281 111
1844 184 1851 193 “

782 339 894 399 tutilo
913 342 1147 399 cotoniensis.

140 446 219 503 idolis
233 444 386 507 immolare,
401 441 489 508 capite
514 440 577 495 caesi
593 448 667 493 snm.
683 438 801 505 Quorum
814 451 928 506 corpora
942 439 967 500 Α
983 435 1067 490 latriae
1093 436 1228 501 sordibus,
1254 435 1395 493 ecclesiam
1422 433 1507 490 beate
1530 447 1636 504 semper
1659 433 1768 504 sirpiois

139 541 225 608 rapuit
240 535 400 606 Auspicius,
415 532 561 595 discipulus
575 547 666 586 eorum
682 532 816 594 ,ttutritor
829 539 930 582 sanctae
983 526 1084 593 tiaris,
1100 539 1126 583 et
1139 529 1258 583 omrriurn
1274 513 1420 596 martyrum
1440 526 1675 595 deuteronomos
1691 526 1769 582 dedi·

138 629 249 698 sirpinis
277 625 429 686 birontiiiao,
456 630 483 676 ct
509 621 535 675 io
551 633 643 691 crypta
658 619 779 674 arenaria
795 617 929 687 sepelivit.
982 619 1096 673 cationis
1109 617 1288 673 sacratissima
1304 616 1363 672 dies
1388 620 1474 688 agitur
1498 617 1591 671 Romae
1613 617 1693 670 tertio
1708 616 1769 671 idus

137 720 203 776 itam
228 721 268 770 ria
294 715 411 778 Aurelia,
438 710 561 766 milliario
586 709 716 772 secundo,
728 709 815 763 natale
844 705 930 759 sarrcti
983 708 1187 778 llaii.lpsodie
1210 710 1296 763 sartcti
1325 708 1438 765 serendi
1464 707 1581 776 episcopi
1606 706 1769 773 Tungrensis

139 807 271 867 Pancratii
286 805 426 875 ttrrtrtyris;
441 803 486 871 otri
501 817 562 857 eum
574 813 645 856 esset
662 814 792 855 tortiorum
803 807 932 867 quatuor·
983 797 1120 864 Ecclesiae,
1135 798 1179 867 qui
1195 809 1314 867 tempore
1324 814 1377 866 nuo
1393 797 1479 852 llurtni
1498 796 1668 852 Gernmninm
1681 808 1770 852 rests·

140 901 240 963 decim,
252 900 302 951 Atili
314 893 480 950 Diocletiano
495 890 654 962 mitriytltlm
673 889 768 958 capillis
790 889 930 942 obtrunca·
983 889 1107 960 111111,ηο
1120 891 1325 960 civitatisatque
1346 890 1473 947 Ecclesia
1495 905 1550 946 suae
1574 891 1677 945 rideret
1699 890 1773 946 uci-

143 994 215 1047 tione
225 988 382 1054 compleris,
397 985 475 1056 cujus
500 983 675 1038 reverendum
688 996 785 1050 corpus
799 979 930 1035 Octnsilla
982 981 1067 1049 dirim,
1082 981 1189 1037 bomini
1212 982 1374 1038 revelatione
1394 985 1586 1049 commonitus,
1609 983 1713 1039 transiit
1737 983 1770 1037 ad

137 1082 253 1140 illustris
269 1080 366 1133 iemina
387 1076 491 1132 occulte
507 1086 586 1130 ooctu
607 1073 740 1128 sublatum
765 1071 931 1125 aromatibus
983 1073 1070 1127 vicunt
1083 1072 1306 1142 Traiectensiom,
1319 1074 1407 1141 ibiuue
1419 1074 1570 1138 defunctos,
1583 1087 1663 1145 atque
1677 1075 1704 1130 in
1716 1089 1772 1130 rste·

137 1173 278 1229 eonditum
302 1168 439 1235 sepeliris.
467 1168 566 1222 Eodem
594 1166 637 1220 die
650 1166 679 1223 Β.
704 1164 823 1235 Dionysii
845 1163 929 1232 patrui
982 1161 1027 1215 dio
1043 1160 1140 1228 publici
1156 1162 1262 1230 aggeris
1276 1172 1315 1218 cst
1330 1165 1457 1231 sepultos.
1484 1164 1525 1221 0b
1552 1165 1629 1235 cujus
1643 1167 1769 1221 meritum

137 1262 259 1330 ejusdcm
276 1261 306 1314 Β.
325 1257 469 1321 Parrcrati't,
485 1256 662 1324 cuiussiudio
678 1256 748 1320 idom
775 1254 930 1308 Partcratius
984 1252 1135 1307 bominibus
1159 1255 1417 1320 demonstrandum,
1442 1271 1502 1310 com
1527 1268 1647 1323 tempore
1672 1258 1767 1313 biensis

138 1360 168 1406 et
191 1351 351 1420 baptisatus,
363 1357 392 1403 ct
402 1348 428 1401 in
442 1349 537 1402 timore
562 1347 606 1400 liei
622 1344 798 1409 conimtatns,
813 1344 845 1398 ad
860 1359 932 1398 rrtar·
982 1346 1072 1399 omnis
1083 1346 1110 1399 in
1125 1346 1240 1400 circuitu
1254 1346 1298 1400 nir
1313 1346 1438 1416 repleret,
1464 1364 1596 1416 ritrnqnaro
1617 1352 1768 1418 sepulerum

138 1445 237 1516 tyrium
261 1445 395 1496 arsinratns
415 1451 467 1495 est.
493 1439 570 1508 Apud
596 1438 712 1508 Cyprum
738 1438 825 1492 sanati
849 1438 932 1506 patr-is
983 1434 1042 1504 cjns
1052 1436 1158 1503 operuit
1170 1436 1213 1490 nir
1227 1449 1276 1490 oec
1299 1436 1398 1505 pluria,
1419 1437 1505 1492 donec
1520 1453 1534 1489 ε
1549 1453 1704 1495 srtceessore
1721 1455 1769 1494 sno

139 1538 228 1592 rtostri
247 1536 384 1605 tjptptmnt
397 1532 539 1588 Salamine
551 1531 680 1600 episcopi.
983 1537 1076 1581 sancto
1091 1525 1209 1581 lluoulio
1225 1530 1352 1598 episcopo
1368 1529 1495 1598 ternplum
1518 1544 1643 1598 magorum
1667 1531 1692 1584 io
1713 1530 1771 1600 ejns

172 1627 206 1683 G.
224 1626 253 1680 iii
270 1624 330 1680 inus
342 1624 415 1679 11111.
429 1651 464 1662 -
475 1621 567 1675 ΝειεΙε
580 1628 678 1673 saincte
705 1618 796 1673 blsrioe
812 1617 844 1671 ad
861 1631 931 1671 mor·
984 1618 1085 1671 bonore
1100 1625 1284 1672 constructum
1299 1628 1351 1673 est.
1370 1618 1401 1672 iit
1427 1621 1515 1675 tratals
1537 1620 1621 1676 saucii
1648 1620 1771 1691 carunto

136 1726 221 1788 tyrcs.
245 1715 333 1770 Plioca
362 1716 523 1782 imperatore
536 1711 628 1766 beatus
653 1708 806 1764 Boniiacins
822 1724 889 1777 papa
904 1710 929 1762 in
983 1715 1119 1783 martyris,
1135 1720 1163 1768 et
1176 1714 1259 1767 seueri
1272 1712 1361 1767 Onesii
1373 1713 1548 1767 cotriessoris.

136 1808 222 1863 neten
240 1800 712 1876 1111111111111111111111011111111,
733 1800 831 1854 abistis
845 1800 930 1855 idolo·
948 1795 969 1855 Β
1018 1802 1051 1858 A.
1064 1803 1213 1858 Pamisus
1225 1803 1434 1860 Asin-sanni
1449 1805 1529 1872 patris
1539 1805 1622 1860 nostri
1636 1803 1769 1871 Paconio,

783 1908 898 1966 Elil'llo
918 1909 1167 1967 bottouotnitn.

173 2010 217 2066 id.
231 2039 267 2050 -
281 2007 313 2063 lli
328 2007 397 2063 loos.
414 2006 550 2061 [iudicatio
562 2004 590 2060 S.
607 2004 723 2059 Ι111118
738 2004 771 2058 ad
788 2003 927 2076 Martyres.
981 2004 1014 2059 ad
1025 2020 1085 2059 osas
1098 2023 1105 2057 :
1119 2004 1216 2058 deinde
1231 2004 1328 2058 missus
1340 2009 1383 2058 est
1394 2002 1421 2057 io
1436 2004 1572 2058 caminum
1587 2004 1655 2076 ignis
1670 2006 1769 2062 ardeo·

136 2099 300 2158 1111111111
316 2096 483 2155 S.Serratii.
981 2095 1034 2151 tis:
1051 2096 1112 2150 inde
1126 2097 1224 2150 rirtttte
1248 2094 1352 2150 bomini
1375 2093 1475 2149 illaesus
1498 2097 1604 2163 exiens,
1627 2096 1679 2152 sub
1702 2098 1770 2153 duas

172 2191 267 2246 Florus
292 2194 317 2244 in
345 2193 378 2243 A.
394 2188 425 2243 Τ.
456 2188 500 2254 1.,
530 2187 654 2256 Traicere
683 2188 764 2242 Portu
788 2187 877 2242 natale
899 2187 928 2243 S.
980 2194 1052 2241 rotas
1064 2185 1188 2250 mittitur,
1204 2193 1233 2238 nt
1248 2184 1387 2240 solventes
1401 2184 1550 2239 dividerent
1561 2186 1766 2256 mernbraeius:

135 2289 151 2330 b
166 2285 281 2342 servatii
296 2283 425 2353 episcopi.
450 2282 498 2337 ilic
512 2282 575 2337 duro
600 2282 633 2335 ad
650 2281 680 2335 Β.
700 2280 771 2336 Petri
795 2284 930 2350 apostolo·
979 2277 1075 2348 utribus
1089 2277 1194 2341 solutis,
1208 2276 1352 2331 novissime
1364 2274 1453 2346 gladio
1467 2274 1579 2331 traditus
1591 2285 1644 2331 est.

134 2391 196 2434 nm
210 2376 337 2445 principis
351 2375 503 2444 sepulcrum
517 2389 565 2443 pro
575 2372 713 2442 ereptione
729 2374 816 2442 popntt
831 2370 929 2427 Gallia·
1016 2367 1059 2423 tt.
1073 2396 1107 2410 -
1119 2367 1140 2422 il
1153 2367 1222 2422 inus.
1234 2366 1326 2423 structi
1342 2367 1428 2423 Patris
1442 2367 1525 2422 nostri
1542 2366 1706 2431 ‘Paobornil
1719 2369 1765 2439 qui

133 2483 195 2527 runt
212 2468 326 2525 bomtno
339 2468 511 2538 supplicaret,
540 2483 573 2521 ne
586 2467 619 2520 ab
633 2465 736 2521 llunois
748 2473 926 2534 vastarentur,

133 2562 243 2632 sbipso
267 2562 401 2632 apostolo,
425 2569 456 2616 ut
478 2560 571 2627 icrtur,
596 2560 699 2627 accepit
718 2573 875 2625 responsum
900 2559 927 2613 io
978 2569 1030 2624 utre
1053 2553 1159 2625 AEgypti
1185 2553 1383 2618 cenobiorum,
1406 2554 1514 2623 scripsit
1542 2556 1765 2612 monosteriorurn

134 2659 194 2714 risu
207 2665 235 2711 et
249 2655 335 2724 ipsum
349 2654 404 2709 cito
428 2666 542 2721 corpore
566 2651 754 2720 migraturum,
777 2659 805 2704 et
827 2649 926 2704 nullam
977 2644 1094 2716 regulas,
1119 2659 1185 2714 ques
1196 2643 1420 2714 angelodictante
1432 2644 1582 2700 didicerat:
1600 2645 1719 2701 simulet
1731 2647 1766 2703 ds

136 2746 283 2803 Gelliarnm
308 2745 400 2800 urbem
428 2754 524 2811 practer
548 2741 727 2805 detensium,
754 2752 864 2811 propter
885 2745 923 2811 pi·
978 2746 1098 2804 tempore
1112 2735 1243 2790 Pascbsli.
1269 2735 1328 2804 ipso
1349 2734 1393 2790 die
1407 2734 1522 2806 insyria
1537 2736 1633 2791 natalis
1647 2735 1661 2776 t.
1675 2735 1767 2794 Viato-

133 2855 216 2909 pnora
229 2839 259 2894 Β.
273 2837 400 2910 Stephani
424 2835 546 2906 ilartpris
570 2833 606 2890 ihi
634 2834 782 2899 recondita,
808 2833 926 2890 ispann-
977 2826 1014 2880 ris
1029 2839 1056 2880 et
1070 2823 1181 2881 Coronas
1195 2827 1244 2881 sub
1260 2825 1396 2881 Antonino
1412 2827 1583 2894 imperatore,
1606 2827 1675 2883 doce
1685 2829 1766 2884 Ales·

132 2933 205 2990 deut.
975 2917 1077 2972 andriae
1100 2917 1269 2975 sebastiano.
1297 2915 1441 2988 (Hactenus
1462 2915 1509 2986 A.)
1529 2916 1594 2971 Ertt
1615 2929 1704 2974 autern
1720 2917 1767 2974 vt·

168 3022 195 3078 ln
208 3021 348 3077 Palaestina
366 3029 377 3059 0
391 3019 503 3083 Tarans,
519 3018 598 3074 Probi
611 3027 639 3074 et
653 3017 797 3073 Andronici
816 3016 925 3087 (ilecto
975 3022 1034 3068 etor
1048 3010 1154 3066 rnilesa
1174 3011 1276 3078 Cilicis,
1298 3013 1341 3066 cui
1363 3011 1534 3067 Sebastianus
1556 3011 1583 3068 io
1598 3012 1767 3071 consessione

132 3113 252 3185 trasA.),
273 3111 319 3183 qui
337 3112 387 3166 sub
410 3111 526 3164 linriroo
550 3109 664 3180 preside
687 3118 746 3179 post
771 3109 846 3178 plura
870 3118 924 3163 tor·
975 3103 1037 3160 lidei
1052 3102 1183 3174 confringi
1198 3104 1296 3175 digitos
1309 3115 1336 3160 et
1357 3105 1418 3160 velli
1439 3103 1519 3174 jussit
1538 3115 1641 3162 scote.
1664 3105 1766 3164 Deinde

132 3215 221 3260 menta
236 3204 263 3259 io
276 3201 502 3270 amphitheatrum
518 3202 638 3268 projecti,
653 3215 713 3254 eum
729 3215 743 3252 ε
761 3201 853 3255 bestiis
869 3215 923 3255 non
975 3195 1048 3252 illurn
1063 3195 1142 3264 iussit
1155 3196 1180 3248 io
1195 3195 1328 3250 coruinum
1350 3193 1419 3265 ignis
1433 3195 1513 3263 mitti,
1539 3198 1583 3254 ubi
1600 3201 1688 3255 triduo
1703 3214 1764 3270 per.-

132 3296 310 3357 teneremur,
326 3291 420 3363 gladiis
434 3300 497 3346 sunt
508 3291 640 3360 deputati.
977 3302 1089 3344 monicus
1103 3298 1212 3343 nonest
1226 3289 1316 3343 iesus.
1343 3286 1445 3343 Deinde
1461 3303 1592 3345 renonum
1605 3289 1698 3347 bibere
1707 3288 1765 3361 jus·

168 3385 251 3448 idem,
264 3396 294 3437 nt
304 3383 419 3447 videtur,
438 3383 486 3438 sed
508 3384 534 3435 in
558 3382 617 3436 solo
627 3381 658 3436 ’1.
673 3400 679 3434 :
701 3381 761 3449 ipso
775 3381 818 3436 die
833 3381 922 3448 passio
976 3395 1032 3442 sos,
1045 3394 1098 3433 nou
1113 3386 1155 3434 est
1169 3391 1300 3444 mortuus,
1316 3378 1363 3434 sed
1378 3379 1524 3443 reitedeom
1539 3378 1629 3450 potius
1639 3380 1672 3436 ad
1684 3381 1763 3439 iidem

131 3473 190 3533 Sd
207 3474 284 3529 liucii
300 3473 470 3543 presbytcri:
495 3473 539 3542 qui
558 3486 650 3540 passus
661 3480 703 3526 est
718 3471 743 3525 in
769 3473 922 3539 Arrtpltipoii
977 3478 1120 3534 cortrertit.
1141 3478 1241 3534 Deinde
1254 3466 1359 3547 jussum
1373 3487 1416 3531 est
1438 3492 1535 3533 nervos
1548 3478 1670 3546 corporis
1684 3478 1767 3547 ipsios

131 3567 254 3633 civitate,
265 3566 315 3620 sub
328 3563 454 3619 baudicio
466 3573 493 3619 et
507 3563 622 3618 ilarimo
642 3563 856 3632 proconsulibus.
872 3564 923 3631 Qui
979 3568 1056 3620 tolli:
1072 3567 1167 3623 deiude
1179 3567 1268 3622 oleum
1289 3565 1402 3622 bulliens
1421 3567 1490 3621 mitti
1501 3567 1527 3620 in
1542 3566 1671 3635 pudendis
1696 3568 1764 3638 ejus.

130 3657 221 3730 intus
234 3671 275 3715 est
288 3657 378 3727 primo·
387 3657 513 3725 suspendi
536 3666 563 3711 et
584 3657 741 3728 extnrgoiari
759 3672 924 3726 ponensque
979 3657 1072 3712 ‘Post
1092 3656 1149 3712 ltarc
1167 3658 1248 3727 jussit
1271 3657 1396 3714 ardentes
1420 3656 1557 3727 lampados
1578 3672 1709 3728 suspenso
1732 3660 1766 3715 sd

818 3768 920 3824 sititit
952 3768 1067 3825 NOTAE.

169 3871 182 3899 ¹
197 3861 300 3918 11111111.
317 3861 446 3916 baronius
461 3861 487 3915 io
502 3860 689 3932 oiartyroiogio
707 3859 757 3915 lroc
768 3860 848 3915 modo
863 3877 919 3914 rent
976 3865 1058 3918 scias.
1084 3860 1203 3932 [lenique
1219 3863 1368 3930 triumphos
1384 3862 1413 3919 S.
1434 3861 1550 3918 Servatii
1566 3863 1693 3920 recolitur
1713 3865 1767 3924 llo·

132 4086 193 4144 pato
208 4075 318 4130 deornm
344 4076 461 4127 omnimo
485 4074 568 4126 veteri
596 4073 667 4136 iano,
691 4072 760 4138 prrod
785 4071 922 4126 Paotlrcon
1012 4072 1130 4128 illarii.
1148 4075 1195 4130 liic
1213 4076 1353 4149 presbyter
1375 4075 1423 4130 init
1437 4075 1660 4147 Amphipolitanae
1673 4077 1767 4134 Eccle-

132 4145 288 4204 rocabatnr,
312 4144 338 4197 in
360 4144 488 4197 bonorem
513 4143 544 4196 Β.
558 4156 665 4212 semper
692 4142 807 4212 Virginis
834 4144 923 4197 ilarius
976 4143 1041 4208 siue,
1065 4156 1189 4214 parentes
1201 4145 1294 4200 babuit
1312 4146 1488 4213 Euplrratium
1503 4158 1530 4202 ct
1547 4149 1711 4203 Eustatiriam
1733 4165 1767 4205 et

131 4225 160 4271 et
178 4218 296 4271 timonium
310 4214 457 4284 Martyrum
469 4212 616 4281 dedicarit,
626 4224 747 4283 tempore
760 4212 856 4270 Pnocae
871 4214 923 4268 im·
976 4216 1059 4271 reteri
1074 4214 1157 4270 Roma
1171 4217 1310 4274 oriundos.
1334 4217 1487 4286 Amphipoli
1502 4225 1591 4271 autem
1608 4217 1698 4273 multis
1711 4234 1768 4287 pm-

133 4286 275 4358 peratoris.
977 4287 1018 4339 nis
1033 4283 1148 4341 aidictos
1161 4297 1219 4352 est;
1242 4302 1302 4342 cum
1316 4296 1405 4341 antem
1419 4289 1559 4342 universus
1574 4287 1685 4355 populus
1699 4302 1767 4342 con-

168 4355 314 4412 bSernotii.
333 4355 456 4422 Episcopi
464 4352 630 4422 tongrensis
640 4363 667 4409 et
680 4354 853 4410 contessoris.
870 4355 921 4421 titii
977 4356 1109 4412 clamaret
1131 4371 1192 4412 eum
1208 4357 1394 4414 dimittendum
1409 4371 1479 4422 esse,
1501 4357 1660 4411 amandatos
1674 4367 1717 4413 est
1733 4359 1768 4415 sd

131 4439 224 4482 tttrnrs
235 4425 394 4492 Enpltrotern
405 4427 663 4493 pseudoepiscopum
676 4425 920 4480 senteutiamsoatn
937 4404 960 4462 Ι)
976 4426 1165 4497 Pitilippesium
1190 4428 1216 4482 in
1243 4428 1388 4484 Perintitou
1411 4428 1504 4482 urbem
1528 4429 1670 4491 'lbtaciae‚
1704 4444 1765 4497 tprrae

132 4499 245 4567 protulit
269 4498 296 4551 in
309 4497 424 4552 conscilio
441 4495 587 4561 Agrippino
600 4509 673 4548 asino
695 4493 747 4549 sto·
771 4496 919 4550 celebrato.
974 4512 1044 4552 inme
1067 4497 1192 4552 llcroclea
1213 4500 1321 4565 dieitur,
1340 4509 1421 4568 atque
1445 4498 1508 4554 inde
1529 4497 1695 4570 Byzantium,
1721 4499 1767 4554 ubi

131 4569 242 4623 linitum
256 4578 344 4622 autern
358 4565 429 4621 inter
442 4564 535 4621 Gallie
549 4566 692 4633 episcopos
707 4565 851 4619 larrdatura
863 4568 923 4620 Sui·
972 4569 1059 4636 capite
1074 4569 1165 4637 pleros
1178 4580 1230 4624 est.
1246 4571 1342 4624 Postea
1359 4578 1492 4624 exstructa
1507 4570 1545 4623 iili
1587 4566 1768 4624 Constantino

131 4637 198 4708 pilio
211 4639 311 4693 Sereno
337 4646 428 4689 noster
442 4634 588 4699 servatius,
605 4636 650 4699 itui
666 4637 780 4689 Arimini
794 4636 874 4689 minis
895 4647 923 4690 et
974 4652 1072 4705 mogum
1086 4638 1144 4692 aude
1158 4639 1389 4708 splendidissima.
1415 4639 1527 4692 inillam
1545 4640 1693 4693 translatos
1714 4649 1766 4694 est.

131 4708 267 4763 terriculis
282 4709 440 4762 Asianorum
462 4720 515 4760 non
528 4705 622 4770 cessit,
635 4705 682 4761 sed
696 4717 787 4759 contra
800 4721 848 4760 eos
860 4707 922 4762 ildei
973 4707 1070 4763 i’assns
1095 4720 1135 4762 est
1159 4711 1210 4761 snit
1230 4709 1405 4766 Diocletiano.
1433 4707 1520 4764 Graeci
1545 4724 1606 4763 cum
1622 4712 1714 4764 colunt
1738 4723 1766 4766 11

130 4779 311 4848 professiones
322 4777 415 4833 edidit.
432 4775 485 4832 Scd
501 4786 528 4830 et
539 4776 700 4830 Atinanssius
722 4777 851 4844 pracoiare
864 4776 923 4846 ciris
972 4778 1044 4832 11111.
1060 4779 1226 4842 Morinum,
1241 4780 1285 4836 die
1298 4780 1410 4834 mttaii.

130 4849 264 4904 meminit.
279 4848 446 4918 ilagneniius
459 4848 923 4915 lepatusmittebaturaCirtrstuntio
1009 4847 1180 4903 ’Poclromii
1210 4851 1378 4907 &comestus
1403 4849 1511 4905 inilist.
1542 4849 1695 4974 13111411,
1722 4848 1769 4919 13)

129 4920 166 4975 sd
182 4920 354 4975 Corrstantem
369 4919 489 4974 fratrem.
505 4915 863 4987 1111111111υεῦ011111111111
877 4933 923 4971 oc·
972 4919 1065 4974 scribit
1086 4920 1258 4976 Paeltotnium
1275 4920 1619 4977 iuissel'abeonensiomio
1651 4920 1769 4976 -bebaide

128 4989 206 5054 cidit,
222 5001 249 5044 ct
261 4990 414 5045 Occidentis
426 4988 568 5058 imperium
584 5003 656 5043 antro
671 4989 723 5045 350
737 4989 921 5058 Augustodoni
972 4992 1165 5044 rnonncborum
1189 5001 1327 5047 auctorem
1346 5002 1372 5044 et
1395 4991 1588 5057 institutorem,
1614 4990 1693 5046 initio
1706 4993 1765 5059 oui·

130 5061 281 5130 occuparit.
305 5059 454 5116 Accusatus
481 5068 523 5113 est
545 5061 637 5113 statim
663 5061 826 5114 Athanasius
848 5058 922 5128 uttod
972 5066 1033 5113 tleur
1048 5063 1134 5113 solum
1156 5062 1181 5113 in
1195 5067 1321 5126 spteluttcd
1345 5060 1559 5131 pbilosopnamn
1576 5077 1647 5122 esse,
1673 5071 1765 5131 poste-t

117 5147 192 5199 ,etim
214 5132 366 5201 Magnentio
390 5129 475 5197 egerit
500 5129 534 5184 de
558 5129 741 5183 interliciendo
764 5129 921 5182 coostnnte.
973 5145 1036 5184 rcro
1050 5134 1173 5200 angeium
1193 5134 1220 5188 ei
1239 5144 1412 5200 apparentem
1434 5136 1571 5188 monuisse
1592 5144 1621 5187 nt
1641 5133 1765 5202 iuniores

128 5199 253 5258 llndsad
276 5200 481 5256 Crtostantinum
504 5200 654 5269 apologiam
677 5199 804 5270 scripsit:
832 5201 920 5264 inqua
973 5202 1289 5272 trrtmacboscoliigeret3
1316 5217 1397 5272 porro
1409 5205 1525 5258 tabulnrn
1540 5203 1649 5258 dedisse
1667 5204 1691 5256 ci
1706 5216 1766 5270 quae

127 5273 201 5328 iuter
224 5281 305 5327 testes
321 5272 480 5327 innocentiae
492 5285 548 5324 suo
564 5271 678 5337 primum
694 5271 813 5324 nominat
825 5271 922 5325 Serra·
972 5271 1118 5325 ctiamuum
1133 5274 1314 5329 custodituro
1338 5275 1487 5329 inonacbis.
1517 5275 1582 5342 ilius
1597 5274 1663 5328 Acta
1677 5274 1768 5327 decla-

129 5346 197 5398 tinm
219 5343 391 5411 episcopum,
415 5340 461 5412 qui
485 5342 518 5394 ad
541 5338 714 5395 Corrstantcm
737 5339 882 5408 aliquando
906 5356 921 5394 a
974 5352 1033 5395 rant
1048 5342 1275 5400 eutttdeiunctuut
1292 5359 1364 5408 esse,
1391 5346 1501 5413 spirando
1517 5347 1547 5401 S.
1564 5347 1727 5398 Attrsnasins¹
1740 5343 1767 5397 in

128 5412 265 5469 iiarentio
278 5429 326 5480 pru
340 5417 428 5482 iegato
452 5412 549 5466 ntissus
567 5412 663 5464 11111ε1.
688 5411 790 5464 Natalis
807 5410 920 5466 servatii
974 5412 1121 5469 Ecclesiam
1136 5427 1212 5468 susm
1225 5430 1349 5470 resersus
1363 5427 1415 5482 cst,
1429 5431 1501 5470 atrito
1515 5431 1555 5470 sc.
1569 5415 1633 5470 319.

128 5483 210 5538 bodie
224 5483 396 5547 celebratum
422 5483 482 5535 dics
497 5481 682 5536 translationis
696 5483 813 5542 septimo
827 5480 920 5543 initii,
1011 5485 1021 5518 f
1042 5483 1157 5537 Victoris.
1185 5485 1313 5557 liartyres
1340 5485 1365 5539 bi
1390 5502 1470 5557 supra
1492 5493 1617 5542 uniuntur
1638 5500 1685 5538 1111
1708 5483 1767 5541 lial.

126 5552 228 5611 [esium
252 5554 375 5619 visionis,
397 5569 477 5620 quam
495 5553 585 5605 limnas
610 5552 701 5605 babuit
727 5551 761 5604 tle
776 5548 920 5605 Galliarum
973 5552 1044 5609 binii.

126 5626 246 5690 excidio,
258 5624 349 5679 incidit
362 5624 390 5679 in
404 5624 476 5677 dicun
492 5622 715 5692 Auomniutronis
730 5621 847 5685 bomini,
872 5622 922 5677 sed
1012 5629 1024 5666 ⁸
1041 5624 1125 5682 iorba
1142 5636 1197 5694 port
1207 5627 1261 5682 bec
1276 5642 1360 5699 usque
1378 5628 1410 5682 ad
1426 5629 1509 5699 sopite
1528 5628 1650 5698 srnpsrtdi
1666 5644 1721 5684 uto.
1737 5628 1768 5684 l..

127 5696 312 5768 tnrnpouimr
331 5696 357 5750 io
379 5693 450 5752 diem
464 5691 632 5750 Dominicnm
654 5702 715 5764 post
736 5689 920 5750 1111111111-
