3802 6126
193 251 258 337 ’aar

570 280 671 338 BEbAE
691 278 915 336 vedebtbttts
934 279 1008 337 0PP.
1031 278 1120 337 PARS
1138 279 1183 335 ΙΙΙ.
1204 309 1238 320 ·-
1258 277 1497 337 PdliAENEile.

1788 287 1845 344 bil!

208 393 316 453 lnsidiis
328 394 456 466 agitabat,
475 403 502 451 et
517 395 575 450 nuc
589 396 668 450 modo
681 396 799 465 quinque
811 394 915 451 dierum
1014 403 1038 455 A
1055 394 1191 465 Sanguine
1205 394 1291 450 munit
1305 395 1369 463 iter,
1385 367 1530 466 vultusque
1541 395 1576 452 ad
1591 396 1680 455 sidera
1692 407 1722 455 ct
1735 399 1825 457 eletas

207 487 297 552 rurus
312 485 390 541 dolos
404 494 511 552 superat
522 486 648 541 transacti
663 487 789 554 temporis
803 500 908 541 omnes.

208 576 261 633 Sed
274 574 353 633 lacile
367 575 479 643 intendi,
497 576 603 633 cbristo
618 574 697 643 dirce,
710 576 760 632 teta
773 577 900 647 repressi.

207 666 276 721 Cum
291 682 341 723 nec
355 681 434 735 parra
444 666 495 721 cibi
510 674 622 734 pinusve
635 665 761 719 alimenta
772 664 911 728 darentur,

208 759 321 815 'labenti
337 759 398 815 licet
413 760 463 814 ista
478 758 537 812 lucu
553 771 604 811 uec
616 756 734 811 membra
750 771 897 813 monerem.

208 850 263 906 vos
275 863 382 921 quoque
393 849 480 913 celsa,
494 862 601 914 precor,
613 850 726 903 servetis
735 848 797 917 juna
809 864 953 918 perertnes.

209 941 334 998 (inlesus
348 939 453 994 Parrum
468 938 545 993 rolris
558 954 618 1010 qnae
631 941 723 1009 regula
738 940 820 1008 catil,

211 1033 318 1102 lpserel
327 1031 430 1100 eripuis
443 1031 544 1086 lucram
555 1047 616 1101 quae
630 1047 752 1101 promere
765 1033 857 1094 dictis.

211 1126 278 1180 bum
293 1132 350 1179 sata
364 1138 424 1194 qum
439 1137 563 1193 proceres
578 1124 675 1179 summi
689 1140 799 1180 seruere
813 1126 938 1195 rigarem.

211 1215 364 1285 ottamlibct
377 1224 404 1269 et
416 1213 516 1284 rapidis
526 1224 650 1285 assurgat
663 1216 742 1270 turbo
759 1214 892 1283 procellis,

206 1306 306 1365 Omnia
323 1307 391 1364 terte
404 1306 466 1374 ilde,
479 1307 554 1377 requi
569 1308 593 1362 ri
607 1310 736 1378 quaeritur
749 1309 820 1362 aula.

207 1398 378 1468 fundatique
392 1405 466 1467 petra
482 1398 656 1469 sensibusne
670 1399 757 1455 cedite
771 1398 891 1453 nimbis:

208 1490 369 1547 'linteatum
383 1489 477 1555 iuriae.
494 1491 640 1559 aquilones
654 1491 764 1546 temnite
777 1504 874 1552 soros.

209 1581 313 1638 liltlma
326 1580 436 1652 jamque
445 1579 532 1636 Patris
544 1591 650 1636 maneat
663 1580 793 1637 sententia
807 1581 893 1637 cordi.

211 1667 327 1739 lirpedit
342 1668 418 1724 iatius
429 1667 522 1738 patrias
536 1684 584 1724 rus
604 1668 723 1740 linquere
737 1668 813 1736 lines,

1057 484 1179 541 Sustollit
1193 485 1315 556 pandens
1330 485 1441 554 palmas,
1456 485 1627 557 anituamque
1638 488 1766 558 supernis

1057 574 1191 631 Laudibus
1205 577 1336 632 intentam
1352 576 1506 633 letantibus
1518 576 1616 632 indidit
1630 578 1722 635 astris.

1051 687 1164 746 carui
1179 688 1323 749 xxxtttt.
1342 689 1475 757 Quomodo
1482 691 1561 760 juxto
1571 692 1734 763 prophetiam
1750 697 1849 762 psalmi

1086 776 1161 843 qoem
1175 777 1203 814 eo
1222 763 1346 815 moriente
1365 771 1541 843 mutarerunt,
1558 763 1784 832 ttndtqmener
1796 769 1848 823 riser

1086 831 1240 900 rstpsqrtoti,
1255 832 1301 885 aed
1318 830 1429 885 domme
1437 844 1545 900 purou'e
1559 835 1679 902 protecti.

1087 918 1232 991 Presbyter
1246 921 1389 991 egrediens
1402 923 1471 977 ratis
1486 924 1527 989 pia
1543 919 1637 978 lunera
1653 928 1760 981 moestir

1053 1008 1193 1079 Deponunt
1204 1011 1296 1078 soeib,
1310 1019 1366 1066 tum
1383 1011 1455 1067 lorle
1467 1013 1626 1069 canentibus
1641 1015 1770 1086 dymnum

1054 1104 1130 1161 llunc
1140 1105 1252 1175 querula
1265 1107 1317 1161 sub
1331 1105 1409 1161 laude
1424 1122 1430 1159 :
1451 1104 1523 1162 Dens
1538 1122 1588 1160 nos
1602 1108 1673 1163 alme
1688 1111 1825 1179 repellens

1056 1196 1177 1270 Destruis
1191 1197 1286 1263 iratus,
1302 1197 1444 1268 saluasque
1459 1198 1589 1252 misertus
1602 1198 1637 1252 ab
1652 1198 1740 1260 boste.

1054 1285 1125 1339 Arra
1141 1301 1242 1353 mitres,
1259 1265 1401 1355 turbasque
1417 1296 1520 1355 potens.
1535 1296 1563 1342 et
1577 1288 1670 1342 territa
1685 1303 1767 1343 sanas

986 1398 990 1409 ·
1055 1376 1240 1448 propinasque
1255 1378 1309 1433 tuis
1325 1379 1467 1448 praetristia
1483 1388 1569 1433 musta
1582 1395 1590 1445 ;
1606 1379 1653 1435 sed
1667 1380 1753 1434 brutis

1055 1468 1093 1523 Te
1106 1468 1174 1525 duce
1186 1469 1255 1524 bella
1272 1478 1365 1537 ruutu,
1381 1480 1408 1523 tu
1429 1469 1507 1522 nuris
1522 1470 1678 1538 corruptionis
1692 1484 1778 1538 arum,

1058 1557 1156 1615 libera
1172 1568 1201 1613 ut
1214 1560 1292 1615 electi
1308 1561 1442 1629 potiantur
1457 1562 1517 1615 luce
1531 1575 1579 1628 per
1591 1575 1689 1618 serum·

1057 1651 1144 1706 lodice
1155 1661 1211 1706 tum
1226 1652 1333 1727 bamtna
1348 1649 1610 1707 Lindisiuruensibua
1622 1652 1695 1708 illam

210 1759 316 1816 limite
328 1773 408 1830 quam
420 1759 540 1828 trepidos
552 1768 670 1814 mentem
685 1757 828 1815 debcctcrc
843 1755 948 1825 abillo,
1022 1740 1115 1807 3th
1131 1741 1192 1811 *58⁵¹
1205 1755 1221 1796 θ
1236 1740 1351 1808 illecti*is
1367 1756 1467 1809 lleffl⁰¹
1484 1753 1639 1796 semim!
1651 1747 1759 1809 ¹¹⁰l³¹¹¹2

216 1855 301 1919 Quem
313 1864 388 1907 sacra
402 1849 501 1905 divinis
514 1849 633 1920 depinxit
648 1851 735 1905 littera
748 1850 859 1905 cbartis.

1059 1830 1201 1887 AEtlrerias
1215 1832 1336 1902 pandunt
1351 1842 1438 1888 ratem
1455 1843 1610 1903 penetrasse
1619 1838 1671 1890 sub
1683 1850 1776 1888 aurae.

215 1942 269 1997 Nec
280 1939 342 2012 quia
358 1941 502 1996 multorum
515 1941 619 1997 cineres
632 1942 707 1997 locus
721 1942 773 1997 istc
787 1941 916 2011 sepultet,
1006 1942 1032 2003 b
1058 1921 1109 1991 thi
1120 1921 1176 1992 1⁸¹⁵
1192 1932 1331 1978 ³⁰⁰¹&ssss
1346 1932 1401 1977 “¹¹¹¹
1416 1922 1486 1979 ‘⁰²¹⁰
1500 1923 1551 1977 ⁸⁰¹²
1564 1924 1659 1980 “4⁶⁰0
1674 1923 1766 1980 13·ὅῦ

218 2032 440 2102 itureabaqrauti
453 2040 575 2102 peterent
588 2030 632 2104 qui
645 2032 732 2088 sidera
743 2048 834 2099 cursu,

219 2124 273 2180 lus
288 2125 364 2180 lavor
378 2134 424 2179 aut
436 2139 529 2181 vacuat
548 2135 633 2181 tentet
643 2138 708 2195 rapa
722 2124 806 2196 gloria
821 2123 916 2180 laudis.

217 2216 257 2272 llli
266 2230 335 2271 nam
341 2216 453 2273 meritis
463 2216 582 2285 pandent
597 2230 680 2287 snper
694 2224 765 2272 astra
780 2214 898 2273 coronis.

215 2308 292 2364 llrud
306 2307 384 2364 aliter
399 2308 499 2363 nosuis
511 2307 599 2363 stadio
611 2320 661 2362 nos
677 2321 789 2364 currere
804 2307 904 2378 plantis

217 2397 357 2463 Couremq
372 2405 401 2453 et
414 2396 529 2467 propriis
549 2394 670 2452 brsrium
684 2395 880 2466 comprendere
900 2395 1005 2467 palmis.

220 2490 275 2546 Nec
286 2491 344 2545 loca
359 2499 467 2560 propter
486 2488 567 2543 bomo
578 2487 675 2543 merito
688 2488 847 2544 uenerabilis
859 2497 957 2551 exstat.

218 2582 271 2637 scd
286 2581 362 2636 locus
374 2581 410 2637 ob
424 2580 546 2635 bomines
560 2587 648 2633 eistat
663 2579 824 2634 teuerabltis
835 2579 933 2632 almus.

220 2673 314 2742 licque
327 2684 394 2726 mete
406 2670 491 2740 rogito
506 2684 578 2724 nunc
589 2668 672 2724 ludite
686 2667 819 2724 moenibus
830 2668 914 2734 urbis,

224 2763 308 2818 lustat
318 2761 390 2816 enim
404 2768 510 2831 tempus
523 2760 611 2816 carnis
625 2758 696 2830 quod
710 2757 800 2813 debita
812 2758 927 2823 sutram,

220 2871 335 2932 turbt
356 2871 475 2929 mil.
497 2871 632 2939 Quomodo
646 2871 789 2924 ministrem
815 2884 891 2923 strum
913 2883 1007 2937 opre-

444 2945 522 3014 {luoio
535 2942 629 2997 uentris
643 2941 781 2997 tottooerit.

1059 2010 1110 2080 lpsi
1125 2013 1206 2068 ctiam
1221 2011 1318 2067 mirum
1333 2013 1457 2081 ejusdem
1472 2012 1653 2071 umutautue
1666 2016 1764 2085 psatut

1061 2100 1177 2158 Verbera
1190 2115 1287 2157 musta
1300 2102 1376 2174 sequi
1389 2102 1495 2159 bomini
1511 2104 1554 2174 pia
1568 2104 1639 2160 duna
1650 2108 1798 2163 mrmbant.

1058 2193 1112 2250 llec
1123 2202 1249 2262 suspecta
1263 2192 1309 2248 diu
1325 2193 1432 2249 tardant
1444 2196 1584 2265 praesagia,
1597 2210 1659 2251 uam
1674 2211 1737 2252 mos

1062 2282 1140 2338 istis
1155 2282 1304 2339 bonorillco
1319 2283 1481 2339 mandantur
1493 2295 1521 2339 ut
1533 2285 1602 2340 alma
1615 2286 1743 2355 septtlcru

1061 2376 1160 2429 alnus
1172 2373 1268 2430 dextro
1281 2375 1332 2430 sub
1343 2374 1450 2430 condita
1466 2391 1599 2432 marmore
1614 2379 1735 2434 membra
1748 2395 1757 2442 ς

1065 2464 1193 2519 insistens
1207 2465 1315 2533 Aquilo,
1331 2465 1415 2520 niteit
1428 2465 1545 2520 mullsus
1561 2468 1586 2521 in
1601 2469 1695 2537 armis,

1060 2557 1128 2611 truc
1139 2568 1219 2627 atque
1230 2557 1294 2613 binc
1306 2557 1373 2612 aden
1388 2556 1577 2613 btudtstuuaea
1594 2562 1698 2627 neronis

1059 2647 1140 2702 Tecta
1153 2648 1239 2716 quatit
1252 2646 1354 2714 nobrio,
1373 2657 1402 2701 ut
1415 2647 1513 2703 nobilis
1526 2649 1569 2702 illa
1587 2659 1730 2719 pareutum

1060 2733 1204 2805 Progenies
1219 2737 1291 2792 lesco
1305 2737 1432 2792 titubaret
1441 2739 1563 2820 'stantius
1577 2754 1677 2795 certam.

1059 2828 1162 2886 Cedere
1175 2830 1287 2900 jamque
1301 2831 1361 2886 loco
1374 2847 1453 2901 quam
1465 2842 1585 2887 estrema
1599 2834 1690 2889 sulrirc
1705 2835 1801 2904 pcrlrli

1061 2919 1180 2989 diligeret
1194 2936 1201 2984 ;
1215 2920 1330 2989 aeciam
1347 2922 1453 2991 lunptrm
1469 2933 1559 2977 manet
1574 2925 1622 2988 ira,
1636 2925 1683 2979 sed
1700 2927 1802 2981 almam

1061 3010 1201 3066 Eadberclr
1207 3019 1248 3066 tus
1260 3020 1371 3066 renotat
1384 3012 1479 3067 sedato
1489 3012 1595 3067 turbine
1605 3029 1710 3081 pacem.

261 3057 371 3113 T²¹l¹³⁰⁸
384 3053 492 3111 ”mili
506 3053 654 3126 mmmm
677 3053 845 3126 mmm
858 3066 1008 3128 ⁸⁸¹⁰⁹¹¹¹⁶⁸’
1022 3090 1046 3153 C
1062 3103 1251 3173 bispersosque
1263 3108 1369 3158 sacrum
1383 3113 1491 3159 revocat
1501 3106 1551 3158 sub
1565 3106 1636 3160 urite
1650 3106 1777 3163 bidentes
1792 3125 1800 3160 ε

223 3151 321 3208 Saucia
334 3148 445 3206 secretis
456 3148 557 3204 condat
570 3161 604 3202 ne
616 3146 735 3202 membra
751 3146 861 3204 latebris
876 3167 881 3202 :

222 3244 275 3300 sed
290 3241 355 3298 letlti
366 3248 394 3295 ot
407 3240 467 3295 uitae
478 3237 594 3294 conllnla
609 3253 712 3293 summa
730 3247 869 3295 tenentem

223 3334 354 3387 Fraterno
369 3343 461 3385 coram
477 3329 578 3385 relevet
592 3325 724 3408 solamine
736 3327 883 3384 dammam.

221 3424 269 3478 vel
284 3435 359 3477 sacra
373 3419 502 3489 suscipiat
514 3418 608 3473 saltem
624 3418 673 3474 sub
689 3428 757 3474 tecta
778 3419 943 3486 ministrum,

222 3514 273 3582 Qui
288 3511 417 3583 obsequio
432 3507 538 3576 fragiles
553 3517 679 3579 procuret
691 3509 802 3564 sedulus
815 3519 898 3565 artus.

267 3604 315 3658 llis
329 3612 418 3657 motus
431 3602 509 3655 restit
519 3600 582 3655 ‹luu
597 3598 695 3655 lumina
711 3600 809 3657 blanda
827 3616 874 3672 per
888 3616 992 3669 omnes,

225 3694 366 3767 aspiciens
381 3694 491 3749 tratrem
505 3692 583 3763 longa
599 3693 642 3747 cni
657 3694 734 3748 clade
746 3705 858 3762 pravam

224 3787 324 3844 Turbida
339 3785 494 3841 marcebant
504 3783 635 3839 erlaausto
650 3782 754 3839 viscere
768 3784 909 3838 membra:

227 3879 289 3942 llic,
304 3876 327 3931 si
341 3874 491 3938 tullissit,
506 3873 602 3929 subeat
615 3887 673 3927 mea
696 3882 777 3940 tecta,
794 3873 912 3942 miliique

232 3972 305 4027 Labe
319 3969 369 4026 sub
383 3967 433 4023 bac
448 3965 518 4023 lesso
534 3967 663 4022 solamina
677 3976 786 4034 praestet
803 3966 915 4021 amastis.

232 4064 283 4131 Qut
297 4069 386 4116 rateto
398 4059 540 4114 comitatus
551 4057 606 4112 adit
619 4072 678 4112 tuor
695 4057 787 4112 limina
798 4071 874 4113 sacra

229 4158 393 4220 occurrens,
413 4151 521 4220 inopina
541 4149 613 4205 saltis
631 4149 819 4219 coutplectitur
837 4164 948 4220 agruim,

230 4244 345 4315 bepulso
365 4242 492 4313 languore
503 4240 588 4306 sinus,
600 4240 786 4311 dignumque·
801 4242 895 4297 salutis

226 4335 329 4393 Cedere
342 4350 395 4390 nun
408 4347 486 4389 ausos
502 4340 645 4402 penetrare
655 4332 706 4386 sub
717 4333 787 4388 edita
799 4333 920 4386 morbos.

1060 3194 1191 3249 l‘raescius
1204 3204 1232 3249 et
1245 3194 1329 3264 lyrico
1342 3195 1486 3249 resonabat
1496 3205 1525 3250 ut
1536 3196 1629 3248 urdine
1645 3198 1786 3265 psalmus,

1061 3284 1217 3340 Porttilteale
1229 3286 1315 3341 decus
1327 3285 1464 3365 plebisque
1480 3289 1611 3342 instaurat
1622 3289 1766 3344 bonorem.

1061 3411 1174 3468 curbi
1189 3411 1309 3467 xxxtx.
1326 3412 1460 3479 Quamodo
1474 3430 1567 3485 corpur
1579 3417 1659 3485 iprirrr
1671 3426 1728 3485 post
1743 3418 1863 3475 studeam

1199 3487 1230 3537 sit
1245 3500 1326 3537 ouum
1341 3485 1396 3537 tine
1407 3495 1569 3555 corruptione
1584 3499 1725 3554 reperiunt.

1047 3645 1051 3652 ·
1098 3619 1299 3689 conspicuique
1310 3632 1386 3674 sacer
1402 3619 1470 3675 sollo
1487 3617 1573 3674 Patris
1585 3620 1685 3675 ruditus
1697 3622 1799 3689 liures,

1067 3708 1209 3765 Undeciuti
1225 3720 1363 3780 postquam
1376 3726 1482 3765 cursum
1497 3712 1700 3768 transcenderat
1711 3718 1789 3781 anni,

1066 3799 1235 3871 Cuntplacuit
1248 3803 1354 3857 cineres
1366 3803 1462 3857 tumuli
1476 3803 1586 3858 decede
1597 3805 1666 3859 beati

1068 3892 1160 3946 illatos
1171 3905 1260 3946 coram
1274 3893 1378 3962 gremio
1392 3891 1459 3947 lctis
1472 3892 1578 3948 inderet
1587 3901 1655 3948 arte.

1068 3984 1121 4040 Scd
1135 3984 1208 4038 canit
1219 3992 1248 4038 nt
1262 3984 1393 4054 psalmus,
1408 3984 1469 4053 quia
1483 3998 1556 4038 mors
1570 3985 1687 4053 pretiosa
1702 3985 1809 4053 plnum

1066 4081 1135 4129 naute
1147 4073 1241 4140 berum
1259 4071 1273 4111 b
1291 4074 1388 4130 retinet
1400 4073 1510 4127 calicem
1523 4075 1567 4143 qui
1582 4073 1690 4130 ltuurire
1703 4076 1801 4132 saluus

1066 4163 1259 4232 contrepidant
1273 4165 1338 4218 celsi
1354 4166 1429 4218 tutati
1444 4166 1552 4219 nominc
1566 4163 1657 4234 ltugts.

1069 4256 1171 4310 llursos
1185 4263 1212 4311 cl
1227 4264 1257 4309 ut
1266 4269 1372 4309 somnio
1385 4264 1494 4309 resonat
1507 4255 1562 4326 lyra
1577 4257 1689 4326 mystica
1702 4269 1786 4313 cantu

1070 4347 1123 4402 Noc
1136 4357 1258 4403 sanctum
1273 4347 1361 4411 dabis.
1377 4347 1448 4411 Alte,
1464 4356 1536 4400 tunna
1551 4358 1678 4417 corrupta
1694 4349 1791 4405 rudere

227 4427 281 4483 Noe
292 4440 366 4482 mura
381 4437 475 4494 sospes
489 4423 545 4477 abit
562 4423 606 4493 qui
625 4422 868 4495 incarnationem
882 4435 909 4478 et
926 4423 980 4479 ibic
1029 4427 1055 4486 1)
1070 4438 1159 4491 pum
1174 4435 1290 4491 rqcpqqae
1305 4436 1400 4506 pandis
1413 4436 1456 4491 θυι
1469 4437 1584 4492 cumina
1599 4437 1673 4499 pipp,

230 4519 421 4589 Presbyterum
433 4513 553 4570 immittit
566 4512 646 4583 digne
659 4512 832 4582 Cutbbertus,
845 4525 873 4567 ut
883 4513 928 4570 illo

228 4613 322 4669 Sidera
335 4616 404 4666 teste
417 4615 502 4678 petat,
517 4620 571 4676 quo
582 4606 665 4660 sitam
681 4613 750 4662 teste
763 4606 883 4677 repebat.

227 4722 340 4781 CAPUT
374 4717 506 4778 xxxvlt.
538 4717 663 4786 Percepto
692 4718 816 4781 uiatico,
844 4719 911 4773 iuter
941 4717 1016 4772 urrbu

422 4790 543 4846 orotiortt't
561 4790 682 4858 spiritum
702 4789 828 4843 reddidit.

265 4907 377 4975 lamque
390 4915 513 4975 soporata
528 4906 669 4973 torpebant
683 4904 772 4959 omnia
789 4914 879 4966 nocte.

231 4996 359 5055 Excubiis
372 4995 465 5066 vigiles
480 5004 614 5064 premeret
627 4996 690 5050 dum
706 4993 794 5049 l'arne
809 4995 944 5057 testebras,

232 5091 342 5160 Quaque
355 5101 449 5158 preces
461 5095 587 5142 rmonrnt
600 5085 727 5154 modulis,
743 5083 836 5141 fremit
849 5085 936 5140 insuta
948 5083 1018 5152 psal-

951 5189 1018 5240 llll8;

233 5250 309 5309 l'alis
323 5249 421 5319 etipse
435 5263 491 5303 sttae
506 5255 669 5318 propostam
684 5246 778 5315 gaudia
794 5245 901 5315 putum,
938 5173 945 5246 Ι

235 5341 372 5397 AEtlereit
385 5337 512 5408 expandit
525 5351 606 5391 osam
622 5336 672 5391 sub
688 5335 809 5390 laudibus
824 5337 942 5390 urnbras.

235 5435 284 5486 tu
300 5429 345 5485 ttbl
360 5426 552 5484 flammicomos
567 5424 711 5479 ardescens
724 5423 817 5480 lucifer
830 5433 904 5480 ortus

232 5521 337 5585 Attulit,
351 5534 415 5576 ecoe
427 5533 503 5574 sacer
517 5516 639 5572 residens
653 5516 763 5569 antistes
777 5514 810 5569 ad
824 5514 892 5570 altar

232 5610 328 5666 Pocula
341 5612 465 5683 degustat
479 5609 551 5671 sitm,
567 5606 720 5677 Clulstique
735 5606 860 5676 supinum

273 5734 286 5763 ¹
301 5724 399 5796 Supple
412 5725 470 5796 suit.

1072 4528 1200 4582 llumauis
1211 4526 1302 4582 diuina
1317 4528 1402 4583 nitent
1415 4528 1539 4583 miracula
1553 4528 1680 4582 membris

1069 4619 1101 4671 Et
1116 4618 1219 4672 bomini
1231 4619 1304 4673 celso
1318 4617 1402 4688 lulpet
1413 4635 1472 4688 quae
1485 4617 1548 4686 jure
1563 4629 1683 4685 patescis

1069 4705 1183 4777 Pariclpi
1198 4707 1257 4763 ildis
1272 4707 1387 4763 donatur
1401 4722 1513 4763 intinere
1527 4711 1620 4762 serris.

1070 4798 1230 4854 intemerata
1245 4814 1322 4854 sacro
1334 4808 1492 4870 promuntur
1506 4801 1623 4854 tutetulua
1639 4801 1781 4871 sepulcro,

1069 4890 1163 4944 Nescia
1176 4906 1256 4957 quam
1271 4905 1347 4945 noim
1364 4900 1416 4944 tam
1430 4891 1494 4944 dirae
1510 4893 1636 4945 itumuuia
1651 4892 1732 4949 labis.

1070 4982 1123 5036 Nec
1136 4982 1234 5037 durum
1247 4998 1279 5036 sc
1292 4982 1407 5053 rigidum
1421 4997 1491 5037 sarta
1504 4997 1552 5037 seu
1568 4995 1654 5037 niorto
1668 4992 1789 5053 gravato·

1070 5075 1123 5128 Sed
1139 5074 1223 5129 rcluti
1239 5074 1371 5143 placidum
1383 5075 1494 5143 capiunt
1506 5074 1568 5128 dum
1585 5085 1692 5142 pectora
1709 5088 1782 5131 sotor

1071 5168 1171 5222 Flesile
1181 5166 1237 5237 jam
1252 5175 1306 5220 tota
1318 5181 1416 5236 corpus
1431 5180 1558 5235 compage
1572 5167 1689 5221 videtur.

1070 5263 1124 5316 Nec
1134 5262 1219 5315 urinor
1233 5260 1338 5314 crimin
1352 5260 1481 5314 renitebat
1497 5259 1581 5326 pratia
1596 5265 1680 5312 restls

1073 5355 1226 5422 incorrupta
1238 5351 1296 5406 solo
1308 5352 1394 5407 sancti
1407 5367 1466 5421 quot
1478 5359 1582 5406 texerat
1596 5362 1683 5405 artus.

1072 5452 1147 5505 llauc
1163 5449 1227 5504 ilndi
1243 5448 1342 5519 placuit
1355 5447 1471 5505 medium
1484 5446 1527 5516 pia
1543 5443 1665 5500 membra
1678 5458 1761 5517 recep

1072 5542 1200 5596 Servatur
1212 5537 1330 5593 medium
1344 5536 1414 5606 signi
1430 5533 1610 5591 ttreumrabilis
1626 5531 1720 5589 indes.

1137 5713 1192 5778 Ab,
1207 5712 1323 5766 retinent.
