3802 6126
127 281 164 340 53
559 294 656 352 SECT.
676 295 697 352 Ι.
719 293 881 350 llOlllLlAE.
900 323 935 336 -
954 290 1019 347 litt.
1042 291 1062 346 l.
1084 292 1167 350 llOll.
1186 291 1360 352 cedulam.
1729 306 1766 360 54

127 409 200 482 gulis
209 408 317 478 abradi,
331 404 487 463 omnimodo
501 419 639 476 poenarum
654 421 755 476 genere
770 406 841 475 possi
859 410 922 462 suot
934 404 960 464 Α
974 411 1101 459 maternae
1124 419 1214 461 carnis
1235 407 1401 475 salutantis,
1427 407 1486 465 sine
1507 411 1579 468 virili
1599 413 1764 474 admixtione

127 499 268 567 dissipari,
290 514 337 568 per
360 498 586 552 resurrectionem
606 492 753 566 gloriiicota
776 499 921 565 recipiunt.
974 508 1142 565 conceptum,
1164 498 1197 552 ad
1214 499 1346 554 buinanos
1360 514 1453 557 rerunt
1479 501 1615 560 bominem
1632 507 1764 574 proferret

129 586 850 657 lliclamoborl,inqtrit,uoeemugoadicentcsrsulttr
866 586 921 641 Deo
973 599 1113 655 aspectus:
1142 589 1187 658 qui
1209 589 1236 644 iu
1264 590 1353 645 diuina
1370 594 1513 649 virtuleoc
1537 594 1686 651 substantia
1708 615 1765 652 rnna·

128 688 229 744 restro,
243 679 287 748 gai
303 679 373 732 redet
386 693 463 743 super
477 676 605 744 tironum,
620 686 643 730 et
656 677 730 747 tigno
753 677 846 746 (dpoo.
861 676 922 746 vul.
975 696 1051 745 nens,
1068 696 1116 749 per
1128 684 1216 737 omnia
1229 683 1300 751 qood
1323 694 1389 750 erat,
1407 701 1497 742 reram
1521 697 1623 743 naturae
1642 692 1764 747 mortalis

128 769 224 836 ilagna
237 782 303 822 noce
313 768 426 823 salutem
435 766 489 822 beo
500 765 655 833 decantant,
668 768 711 834 urii
721 782 816 836 magua
826 768 924 836 gratia·
975 770 1158 826 indomitatem
1170 786 1250 843 qnam
1265 790 1318 829 uon
1334 775 1459 841 babebat,
1476 779 1608 835 indueret.
1624 781 1659 835 Et
1673 792 1701 836 ut
1715 798 1764 836 no·

129 876 190 913 runi
214 859 322 914 actione
338 857 470 922 recolunt,
487 871 541 913 non
562 873 611 912 sua
638 870 668 914 se
681 859 779 914 uirtute
801 861 848 913 sed
865 859 922 928 ipso
974 860 1015 914 bis
1030 864 1209 917 necessariam
1232 865 1371 920 obediendi
1388 869 1513 924 virtutem
1538 873 1672 939 precipuo
1694 888 1763 928 corn·

128 950 282 1006 aroriliaote
312 949 515 1004 tribulationum
539 947 751 1018 impugnantium
778 963 923 1018 superasse
974 952 1113 1006 mendaret
1131 955 1265 1024 exemplo,
1293 955 1390 1010 iactum
1406 956 1456 1012 sub
1480 957 1548 1026 iege,
1565 960 1661 1015 Filium
1684 976 1765 1017 suurn

127 1045 290 1099 certamina.
310 1041 380 1097 Dicit
394 1040 492 1097 iterum
509 1055 603 1097 eorum
616 1049 643 1097 et
658 1042 807 1110 praeteritos
823 1054 923 1111 agones
974 1044 1047 1099 misit
1071 1044 1142 1100 licus
1169 1046 1194 1099 in
1214 1048 1344 1101 rnundntn
1359 1064 1365 1100 ι
1379 1063 1432 1103 nun
1455 1049 1516 1118 quia
1539 1052 1596 1119 ipse
1620 1053 1671 1122 legi
1686 1055 1764 1122 quid·

127 1147 157 1190 et
180 1148 294 1190 coronas
312 1135 469 1190 describens
482 1144 644 1203 perpetuas:
661 1133 695 1189 lli
707 1146 765 1189 runt
784 1136 828 1204 qui
847 1152 921 1190 usuc·
973 1149 1051 1203 quam
1067 1134 1174 1199 debeat,
1195 1137 1240 1205 quii
1266 1153 1333 1191 initiis
1355 1138 1480 1206 ningistor
1500 1150 1603 1205 noster,
1630 1158 1698 1198 uirus
1719 1152 1762 1199 cst

128 1236 192 1278 runt
209 1226 242 1277 de
254 1225 419 1278 tribulatione
436 1233 576 1294 omptume
591 1223 706 1278 iouerrrnt
719 1224 799 1278 uotoo
812 1241 883 1286 suun,
898 1234 922 1278 et
974 1224 1111 1293 legislator
1126 1226 1318 1296 etjnder„sed
1334 1237 1364 1282 ut
1377 1243 1424 1282 cos
1436 1230 1480 1298 qui
1491 1230 1541 1285 sub
1556 1230 1615 1300 lege
1628 1233 1709 1302 positi
1724 1235 1765 1288 le-
1806 1282 1809 1290 .

129 1314 313 1369 dealbaverunt
336 1330 380 1370 eor
403 1314 430 1367 iu
451 1315 579 1384 sunguine
606 1312 672 1384 rigui
699 1311 805 1384 (ibid).
834 1313 922 1370 Stolos
972 1316 1012 1384 gis
1026 1331 1109 1372 onera
1125 1329 1233 1385 portare
1252 1320 1440 1390 nequiverant,
1454 1334 1501 1375 sua
1521 1325 1707 1388 compassione
1720 1326 1765 1391 lu·

127 1405 228 1476 quippe
249 1414 382 1473 inartgres
402 1404 429 1458 in
453 1403 584 1472 sunguine
608 1403 677 1472 ttgot
698 1403 829 1469 laverunt,
856 1404 921 1458 dunt
973 1415 1058 1473 reret,
1079 1409 1157 1464 aede
1171 1409 1262 1464 seruili
1287 1410 1453 1477 conditione,
1477 1412 1523 1480 qui
1538 1413 1587 1466 sub
1603 1413 1661 1483 lego
1674 1425 1761 1479 erant,

128 1496 250 1552 raeoobra
266 1511 327 1562 suo,
342 1510 403 1565 quae
417 1495 504 1551 oculis
523 1494 705 1564 insipientium
719 1495 775 1551 viss
788 1503 851 1551 sunt
866 1509 922 1564 pm·
972 1508 1079 1568 ereptos
1103 1500 1130 1555 in
1153 1500 1324 1569 adoptionem
1348 1500 1476 1566 liliorum,
1501 1517 1562 1570 que
1584 1504 1762 1572 pergratiam

130 1604 226 1644 uarum
240 1587 368 1657 squalore
381 1587 487 1655 ioedari,
507 1586 547 1643 sic
562 1590 650 1656 potius
665 1586 725 1642 iuso
740 1602 789 1656 pro
811 1586 921 1642 Cbristo
971 1595 1023 1650 est,
1039 1601 1086 1642 sue
1098 1587 1219 1659 largitate
1243 1591 1394 1647 reduceret.
1415 1590 1539 1660 Suscepit
1564 1607 1630 1660 ergo
1644 1593 1763 1648 circom-

131 1681 263 1748 sanguioe
277 1679 312 1734 ab
325 1680 452 1735 omuibus
466 1679 632 1736 mundavero
646 1680 776 1750 contagiis
789 1697 795 1732 :
810 1680 920 1749 iusuper
971 1674 1101 1732 elsiuucnt
1121 1677 1180 1747 lege
1193 1679 1328 1734 decretam
1345 1679 1371 1733 in
1396 1694 1489 1745 carne,
1513 1680 1557 1748 qui
1571 1681 1674 1750 absone
1689 1683 1764 1737 omui

127 1778 159 1825 et
171 1769 249 1824 beata
272 1770 486 1827 immortalitatis
508 1770 568 1826 luce
586 1770 665 1842 digua
681 1771 831 1839 reddidere,
847 1771 918 1842 quod
935 1762 957 1822 fl
972 1778 1080 1833 ill⁰f⁸¹¹⁸
1095 1766 1154 1824 libe
1169 1769 1326 1839 l³⁰¹¹l¹²ionis
1338 1770 1462 1838 lbimuli
1475 1769 1501 1824 1¹¹
1523 1786 1616 1837 wne·
1633 1779 1662 1828 θ*
1677 1773 1722 1841 qui
1737 1774 1764 1829 5¹¹

128 1871 173 1916 eet
185 1861 256 1917 lotas
269 1860 353 1917 etiem
374 1861 516 1917 dealbasse
538 1860 622 1917 stolas
645 1861 817 1932 insanguine
840 1862 919 1932 egoi,
970 1856 1144 1914 similitudine
1158 1859 1247 1915 carnis
1260 1861 1372 1930 pcccati,
1391 1876 1444 1915 nou
1458 1869 1547 1918 autem
1563 1863 1588 1917 io
1604 1879 1686 1919 carue
1698 1880 1759 1934 pec·

127 1949 193 2008 uro
211 1964 282 2020 met,
296 1953 394 2022 iouuit,
409 1964 468 2008 onte
484 1952 602 2008 tbronum
617 1951 710 2021 llei,et
722 1954 833 2009 seruiunt
847 1954 922 2010 eidie
970 1948 1023 2002 cali
1039 1948 1156 2017 adreoii,
1177 1951 1324 2007 remedium
1349 1966 1403 2021 quo
1417 1966 1479 2006 caro
1494 1955 1594 2019 peccati
1617 1969 1764 2011 conoscere-

127 2061 161 2098 „
173 2053 247 2099 mig
266 2045 292 2098 p.
306 2043 402 2113 impio
416 2045 481 2114 eju,
495 2042 555 2098 llo„
566 2053 608 2098 ω
627 2043 773 2110 enormia,
787 2043 835 2099 geg
848 2056 922 2098 amp.
971 2044 1013 2092 rat
1025 2038 1147 2093 mundari
1159 2054 1213 2094 non
1226 2041 1344 2109 respuit:
1356 2042 1427 2096 sicut
1440 2043 1521 2096 etiarn
1537 2043 1605 2097 undu
1618 2045 1762 2113 baptisma·

130 2132 193 2189 bilis
204 2141 232 2187 et
253 2133 370 2202 optanda
385 2132 510 2199 seruitus,
534 2131 562 2188 in
579 2132 625 2188 bei
647 2131 771 2189 laudibus
792 2141 922 2202 perpetuo
971 2126 1017 2192 ῑίῦ,
1032 2142 1084 2198 lut
1107 2143 1184 2184 nove
1198 2130 1298 2198 ‘gratie
1320 2132 1432 2202 populos
1459 2142 1660 2203 apcccatorom
1682 2137 1763 2192 sorde

130 2224 280 2280 assistere:
296 2224 353 2280 dies
377 2224 476 2294 quippe
500 2232 528 2278 et
554 2239 605 2279 nox
631 2238 685 2279 oon
709 2223 921 2282 uicissitudinem
971 2218 1054 2275 lfflrl
1078 2219 1174 2287 lolulb
1199 2221 1257 2291 ilise
1280 2237 1334 2277 oon
1365 2223 1543 2290 necessitatis,
1569 2224 1617 2281 scd
1644 2228 1761 2298 exempli

134 2316 265 2384 temporis
284 2314 404 2384 proprie,
428 2313 477 2370 sed
493 2316 698 2385 perpetuitatem
714 2315 817 2385 tropice
835 2315 922 2385 signi·
973 2325 1053 2369 causa
1071 2314 1162 2369 subiit.
1184 2314 1259 2371 Scire
1273 2317 1373 2372 etenim
1388 2315 1469 2372 debet
1483 2328 1572 2374 restra
1591 2318 1758 2390 fraternitas,

133 2405 224 2461 burin.
237 2405 295 2461 ltux
308 2405 380 2461 enim
396 2420 449 2461 ooo
461 2406 514 2462 erle
534 2405 602 2473 illle,
623 2405 671 2462 sed
684 2405 743 2461 dies
756 2422 807 2462 ooo
827 2408 923 2463 melior
971 2402 1031 2472 guia
1048 2402 1119 2459 idem
1142 2404 1287 2460 saiutifera
1304 2405 1450 2461 curationis
1464 2406 1593 2462 auxilium
1612 2410 1760 2466 circumci-

133 2493 162 2549 in
177 2495 256 2552 atriis
268 2494 366 2551 Christi
380 2510 463 2566 super
473 2495 568 2563 millia,
583 2495 611 2551 in
624 2510 676 2566 qua
689 2512 742 2552 noo
758 2497 845 2565 plorat
866 2496 921 2552 lla·
971 2492 1013 2548 sio
1024 2493 1051 2548 in
1066 2492 1124 2564 lege
1147 2505 1242 2550 contra
1265 2495 1403 2566 originalis
1425 2498 1527 2566 peccati
1541 2498 1638 2554 ruinus
1652 2500 1759 2570 agebar,

135 2585 197 2640 ciet
207 2585 275 2641 tttos
286 2586 414 2653 suos,sed
426 2586 561 2656 absterget
572 2585 760 2642 beusomnem
775 2585 921 2658 lacrymam
971 2583 1041 2653 quod
1055 2599 1126 2641 nunc
1139 2583 1288 2654 baptismus
1301 2600 1382 2656 agere
1397 2587 1523 2641 revelatae
1535 2587 1629 2656 gratiae
1640 2597 1760 2658 ternpore

136 2675 362 2730 abocniiseurum
373 2692 380 2741 ;
392 2674 509 2746 dantque
519 2673 704 2748 [dematque]
719 2689 811 2730 rocem
822 2672 922 2729 iaetilie
971 2674 1119 2740 consueuit,
1135 2685 1249 2744 excepto
1266 2675 1337 2746 quod
1351 2676 1424 2744 regni
1441 2676 1558 2732 coelestis
1570 2677 1680 2747 lantiam
1695 2694 1758 2736 occ·

133 2776 160 2819 et
169 2766 263 2820 salutis
273 2774 381 2821 eternae
394 2765 422 2820 iu
435 2765 754 2834 tabernaculislustorum
765 2765 790 2819 ei
800 2764 845 2834 qui
858 2764 923 2819 uiuit
972 2764 1037 2819 dum
1059 2764 1161 2820 intrare
1182 2772 1315 2834 poterant,
1329 2764 1415 2821 donec
1428 2765 1576 2823 adveniens
1597 2767 1760 2826 benedictio·

135 2865 162 2911 et
175 2867 270 2928 regnat
282 2857 354 2914 licus
366 2871 413 2928 per
422 2858 512 2914 omnia
526 2856 625 2915 secula
635 2855 807 2912 seculorum.
824 2858 920 2914 dmoni.
971 2869 1034 2911 nem
1048 2854 1136 2923 daret,
1161 2857 1206 2926 qui
1221 2857 1306 2926 legem
1320 2856 1404 2923 dedit,
1428 2867 1458 2912 nt
1478 2858 1562 2914 rideri
1585 2868 1677 2928 posset
1689 2859 1761 2917 licus

435 2967 573 3024 „mmm
588 2967 622 3024 x·
970 2945 1082 3001 deorum
1097 2945 1125 3001 iu
1138 2946 1214 3014 Sion,
1227 2956 1330 3002 tautum
1344 2946 1371 3001 in
1392 2949 1453 3004 sinu
1475 2948 1591 3005 Abrabae
1607 2963 1668 3019 post
1688 2968 1761 3008 mor·

255 3073 282 3114 ,³
302 3075 345 3114 „m
364 3073 449 3114 mm
465 3072 673 3115 mmmmm,
693 3073 794 3116 „om
972 3044 1027 3093 tem
1049 3038 1127 3093 beata
1148 3038 1243 3108 requie
1268 3039 1398 3097 consolati
1422 3052 1548 3109 superne
1570 3041 1643 3109 pacis
1659 3043 1763 3113 ingrcs-

132 3151 237 3207 luc.u.
262 3151 296 3205 lo
319 3153 365 3205 illo
380 3162 501 3217 tempore,
511 3166 568 3204 cum
579 3154 747 3206 consummati
770 3151 919 3207 crrentdles
933 3103 957 3164 c
971 3141 1030 3181 ”¹¹¹¹
1054 3141 1103 3198 *ΡΟ
1129 3127 1199 3183 ΜῙΕῙ
1225 3127 1429 3197 ⁰¹⁸p⁰⁰¹²b³¹¹¹·
1450 3129 1500 3196 (Μ
1523 3131 1595 3186 ‘¹¹³³'
1620 3148 1690 3188 '¹⁰⁰⁰
1713 3148 1762 3203 W

164 3233 222 3276 octo
247 3232 274 3276 ot
300 3221 520 3276 circumcideretur
540 3237 612 3290 puer,
633 3231 748 3276 uocatum
771 3232 807 3277 cst
827 3238 920 3276 nomen
970 3218 1145 3289 Euangelium
1160 3233 1238 3274 suum
1262 3219 1418 3277 terribiliter
1438 3235 1470 3277 ac
1484 3222 1627 3280 salubriter
1638 3224 1759 3280 elamat:

164 3294 222 3361 ‘ill'
237 3289 326 3357 5⁶⁸⁸&
340 3301 394 3346 ⁰¹⁰·
971 3307 1032 3362 Nisi
1047 3309 1104 3378 guis
1122 3317 1225 3364 renatus
1243 3308 1323 3378 luerit
1336 3325 1368 3366 re
1381 3326 1448 3380 aquo
1460 3320 1484 3365 et
1495 3311 1599 3382 spiritu,
1615 3327 1666 3366 non
1680 3323 1762 3381 polest

165 3403 292 3457 Sanctam
317 3402 549 3471 venerandamque
572 3402 712 3472 presentis
731 3401 791 3458 iesti
819 3416 920 3457 memo·
970 3401 1077 3455 introire
1096 3402 1123 3454 iu
1139 3417 1246 3472 reguum
1261 3401 1308 3455 bet
1329 3400 1498 3474 (loon.ttt);
1522 3403 1580 3472 ipsc
1594 3404 1693 3460 dodum
1714 3419 1762 3474 per

131 3495 199 3548 riam
215 3495 309 3564 patros
322 3493 430 3562 quidem
444 3492 533 3549 uerbis
556 3493 719 3563 euangelista
743 3495 920 3563 comproben·
971 3490 1055 3562 legem
1068 3505 1144 3545 uuam
1157 3491 1309 3546 clamabat:
1324 3490 1457 3546 Masculus
1472 3493 1546 3562 cujus
1561 3495 1681 3564 preputii
1699 3509 1761 3548 coro

130 3586 180 3649 dit,
197 3584 245 3640 red
261 3599 315 3638 non
334 3599 417 3651 pauco
437 3585 555 3647 contens
577 3587 698 3656 mysterii
714 3585 812 3643 virtute
835 3589 922 3657 grenl-
970 3580 1120 3634 circumciso
1138 3596 1189 3634 non
1209 3580 1298 3648 licerit,
1316 3580 1408 3650 peribit
1434 3582 1521 3635 onium
1542 3583 1590 3635 illu
1612 3582 1644 3636 de
1665 3582 1761 3651 populo

129 3674 194 3728 dam
215 3672 332 3743 reliquit.
349 3673 475 3743 Exposita
491 3689 605 3745 natuque
618 3676 756 3731 nativitate
772 3676 919 3743 lloruinica,
970 3687 1027 3738 sno,
1042 3673 1102 3739 guin
1115 3680 1221 3741 pactum
1240 3685 1323 3724 meum
1346 3671 1450 3723 irritum
1470 3671 1530 3739 lecit
1543 3669 1619 3740 (Gen.
1637 3673 1716 3740 ruit),
1733 3670 1760 3725 id

129 3762 312 3834 eujusgandia
328 3779 390 3818 mua
409 3764 495 3832 angeli
510 3763 598 3834 dignis
619 3764 742 3820 laudibus
756 3767 919 3833 extulerunt,
971 3771 1022 3827 est,
1034 3763 1097 3831 quia
1121 3770 1225 3831 pactum
1240 3761 1301 3816 uitae
1319 3760 1346 3815 in
1364 3759 1490 3830 paradiso
1510 3761 1664 3818 bominibus
1683 3778 1760 3817 men-

132 3864 252 3921 pastores
267 3854 363 3908 denota
385 3853 537 3910 uisitatione
557 3855 740 3922 celebrarunt,
760 3871 853 3912 omues
875 3857 921 3923 gui
970 3852 1061 3908 datum
1084 3852 1168 3907 Adam
1183 3851 1376 3920 praevaricante
1390 3857 1573 3922 transgressus
1588 3859 1640 3918 est,
1665 3850 1691 3906 in
1705 3866 1761 3920 uuo

133 3954 195 4000 tuuc
208 3947 319 3999 audiere
343 3945 432 4000 mirati
453 3954 527 4012 sunit,
553 3959 602 4001 nos
621 3961 728 4016 quoque
750 3948 921 4014 promodulo
970 3958 1065 3999 omnes
1080 3951 1277 4012 peccauerunt:
1294 3942 1392 4012 peribit
1414 3942 1529 4018 deyeoetu
1551 3953 1717 4006 sauctorum,
1738 3944 1764 3997 ri

136 4045 239 4099 nostro,
260 4045 340 4104 prout
361 4035 505 4104 potuimus,
530 4035 637 4091 cbristo
653 4037 765 4093 Domino
782 4038 920 4108 largiente,
972 4052 1025 4091 uon
1040 4037 1064 4092 ei
1079 4035 1158 4090 luerit
1172 4033 1294 4091 remedio
1320 4034 1430 4088 salutari
1455 4034 1627 4089 subventum.
1643 4033 1766 4102 Utraque

132 4133 257 4203 congruis
275 4135 416 4189 missarum
440 4134 654 4205 ignotorumque
676 4134 814 4191 solemniis
833 4135 921 4205 enegi-
971 4142 1037 4199 ergo
1048 4126 1209 4197 purificatio,
1223 4136 1252 4182 ct
1274 4125 1487 4180 circumcisionis
1510 4124 1634 4181 videlicet
1647 4126 1674 4180 io
1692 4127 1762 4195 lege,

135 4239 203 4288 roos,
218 4223 358 4294 subjunxit
372 4234 452 4294 atquc
465 4227 524 4280 ait:
971 4229 999 4276 ct
1013 4222 1039 4274 in
1055 4216 1200 4287 Evangelio
1213 4215 1393 4286 baptismatis,
1417 4213 1542 4268 tollendae
1564 4217 1762 4283 praevaricatio·

168 4313 202 4369 Et
214 4324 351 4385 postquam
372 4315 539 4369 consummati
559 4324 618 4369 sunt
632 4316 686 4369 dies
700 4322 755 4369 octo
768 4324 796 4368 ut
809 4316 921 4369 eircum—
973 4312 1014 4369 uis
1029 4311 1122 4382 prime
1135 4309 1221 4380 gratia
1237 4307 1321 4378 posita
1337 4314 1390 4361 est.
1405 4306 1438 4360 Et
1450 4320 1485 4360 oe
1498 4305 1541 4360 ctti
1560 4306 1653 4360 saeculi
1669 4306 1762 4362 laben·

136 4410 260 4463 rideretur
269 4424 344 4476 puter,
352 4420 468 4462 uocatum
482 4416 520 4462 cst
532 4424 622 4461 tremes
632 4409 687 4478 ejus
696 4406 782 4474 Jecur,
796 4406 864 4479 quod
878 4424 921 4462 eo·
938 4408 1008 4492 ntis
1028 4403 1099 4459 aelati
1123 4400 1234 4472 superni
1257 4409 1397 4469 respectus
1422 4412 1533 4454 munera
1559 4397 1697 4465 deessent,
1721 4399 1762 4454 illi

136 4514 217 4555 rotam
232 4511 269 4556 ert
283 4502 315 4555 ob
334 4502 437 4570 angelo,
451 4504 600 4571 priusquam
613 4501 639 4556 in
654 4512 725 4557 utero
737 4505 921 4573 conciperetur.
974 4513 1080 4569 utronno
1098 4497 1173 4566 quia
1194 4494 1286 4551 mundi
1301 4494 1413 4551 esordio
1428 4494 1558 4563 usquead
1580 4506 1699 4562 tempora
1714 4494 1762 4550 da-

138 4591 199 4649 itae
217 4603 281 4648 sunt
300 4591 454 4647 festivitatis
479 4592 616 4648 bodiernae
640 4593 736 4664 gaudia
760 4594 923 4660 reiteranda,
975 4598 1009 4646 te
1030 4587 1241 4644 circumcisionis
1255 4586 1298 4641 rel
1324 4592 1385 4655 post
1407 4584 1497 4640 datam
1513 4585 1760 4652 circumcisionem,

140 4683 193 4739 laec
207 4699 292 4740 sacre
317 4683 473 4740 solemnitas
489 4684 552 4751 diei,
567 4683 624 4739 boe
647 4685 827 4752 illasupcrne
841 4686 924 4757 pieta·
974 4681 1007 4735 de
1029 4678 1089 4733 atos
1113 4677 1267 4733 nationibus
1282 4675 1337 4730 lieu
1354 4675 1523 4745 placuerunt,
1548 4675 1590 4729 vel
1613 4675 1760 4732 bestiarum

139 4778 170 4831 tis
182 4792 293 4831 monera
309 4783 491 4840 sacrosancta,
507 4790 566 4841 nure
582 4774 700 4831 bdelium
714 4775 924 4831 cordibuscom-
974 4770 1164 4836 oblationibus,
1178 4768 1220 4823 rel
1244 4777 1318 4823 certe
1340 4767 1400 4823 sola
1420 4766 1482 4822 lidei
1497 4766 1596 4823 uirtute
1618 4783 1681 4823 suas
1697 4784 1763 4825 suo·

139 4866 267 4921 mendam
289 4865 433 4934 Apostolus
454 4866 604 4932 aitzlluio,
627 4865 670 4920 ubi
699 4867 763 4921 uenit
793 4867 924 4936 plenitudo
974 4875 1087 4932 rumque
1108 4861 1212 4915 animas
1235 4857 1358 4914 Creatori
1383 4859 1614 4926 commendantes,
1641 4874 1656 4915 a
1684 4863 1763 4930 priroi

138 4958 268 5028 temporis,
283 4957 353 5010 misit
370 4954 440 5011 Deus
451 4951 550 5011 Filium
561 4971 639 5009 suum
651 4956 747 5025 luctum
761 4972 793 5011 ee
807 4958 922 5024 muliere,
975 4963 1064 5009 reatos
1085 4951 1198 5007 uinculis
1211 4949 1351 5005 absolvere
1378 4950 1518 5006 curabant.
1539 4951 1604 5008 Sine
1624 4953 1676 5008 sole
1689 4954 1761 5009 cuim

139 5050 232 5117 luceam
245 5049 293 5104 rab
304 5047 370 5119 lege,
384 5058 412 5103 ut
432 5065 473 5104 cor
487 5049 531 5117 gui
544 5048 591 5103 rui
612 5049 665 5117 lege
680 5058 764 5113 morit,
778 5048 923 5117 redimeret,
975 5041 1140 5112 impossibile
1153 5049 1196 5096 cst
1215 5039 1321 5108 placere
1337 5040 1391 5095 boo
1405 5057 1411 5092 ;
1425 5049 1451 5093 ιι
1467 5041 1538 5096 sicut
1549 5042 1617 5096 alias
1631 5043 1762 5113 scriptum

139 5149 162 5192 rt
175 5140 343 5210 adoptionem
366 5138 421 5206 filio
436 5153 480 5191 um
498 5139 666 5207 reciperemur
681 5134 780 5208 (Galat.
797 5136 846 5207 tt).
869 5137 924 5191 lla·
974 5142 1017 5187 est
1029 5151 1035 5185 :
1046 5129 1136 5185 thrttts
1157 5140 1243 5183 autem
1266 5144 1299 5182 es
1318 5128 1370 5196 fide
1389 5128 1447 5182 uiuit
1458 5128 1572 5198 (duduc.
1588 5132 1630 5201 tt).
1645 5130 1700 5187 Sed
1715 5147 1761 5188 ve·

138 5242 186 5297 goa
207 5243 323 5296 namque
345 5225 546 5297 disponsatione
571 5226 678 5296 pietatis
702 5225 735 5281 ad
761 5226 925 5294 redemptio·
976 5226 1051 5280 nicos
1066 5225 1185 5279 incarne
1201 5220 1248 5276 lici
1263 5219 1357 5284 Filius,
1370 5220 1414 5291 gui
1429 5221 1514 5276 solam
1524 5223 1613 5278 carinis
1624 5234 1760 5290 naturam,

139 5333 197 5374 ueni
217 5320 325 5390 geoeris
340 5319 449 5374 burnani
466 5320 535 5375 bens
557 5317 636 5374 Pater
655 5334 707 5373 non
723 5320 859 5388 aingclnm,
872 5335 924 5374 non
976 5316 1076 5369 ordiam
1103 5325 1192 5369 aunem
1227 5313 1327 5382 peccati
1350 5315 1539 5382 contagionem
1567 5318 1700 5371 contraxit
1727 5317 1762 5373 ds

138 5411 340 5483 archangelum,
362 5412 408 5466 sed
431 5411 527 5467 lilium
547 5425 625 5465 suum
639 5408 802 5479 unigenitum
818 5410 925 5466 mittere
976 5411 1071 5473 Adam,
1096 5416 1123 5463 et
1146 5406 1206 5477 quia
1232 5405 1347 5474 Spiritus
1373 5408 1458 5462 saneti
1481 5409 1578 5463 uirtute
1601 5408 1636 5464 de
1657 5409 1761 5478 uirgine

139 5503 262 5574 diguatus
287 5513 340 5560 est.
356 5502 442 5570 Quem
467 5504 529 5572 guia
555 5501 582 5556 in
597 5501 743 5557 diuinitatis
757 5517 813 5557 suae
836 5502 925 5573 specie
975 5508 1120 5568 conceptus
1142 5508 1169 5552 et
1191 5506 1269 5551 natus
1285 5496 1337 5569 [di.
1352 5497 1414 5550 odd.
1440 5497 1505 5568 esti,
1519 5500 1592 5553 nullo
1613 5499 1687 5568 eguit
1703 5517 1762 5555 rriu-

140 5595 229 5651 ridere
251 5596 411 5665 timuimus,
436 5608 531 5664 magna
554 5607 661 5647 rursum
689 5591 840 5648 dilectionis
867 5603 925 5650 arte
976 5591 1143 5662 oeregratie
1165 5589 1497 5658 renascentiszutrumque
1523 5606 1606 5658 genus
1631 5594 1758 5660 puriiica·

139 5689 254 5756 providit
279 5698 308 5745 ut
332 5690 403 5744 burto
418 5688 517 5743 lactiun
540 5703 572 5743 cr
598 5685 721 5751 mutiero,
748 5686 799 5742 buc
819 5695 860 5742 cst
888 5704 923 5745 es
976 5684 1055 5742 tionis
1068 5682 1157 5740 subire
1167 5681 1291 5755 dignatus
1310 5689 1360 5748 cst,
1374 5691 1402 5738 et
1415 5682 1589 5740 circumcisus
1607 5685 1758 5742 uideliceta
