3802 6126
126 274 180 333 555
498 281 599 339 BEDAE
621 283 846 343 tenebratus
864 285 939 343 OPP.
961 286 1049 346 laus
1067 288 1112 345 tt.
1130 320 1167 332 -
1185 289 1375 350 tttslotttct„
1715 298 1769 357 758

126 384 233 441 llumiui
247 384 394 444 adveniens
420 404 482 444 tnor
503 391 622 447 instituta
647 394 803 449 monaeltica
829 393 921 450 tratri·
934 400 959 458 Α
974 397 1063 452 dinem
1078 397 1129 453 sibi
1144 400 1299 468 psalmodia
1312 415 1344 458 ae
1358 398 1512 473 uigiliarum
1531 401 1686 463 incedendo
1698 408 1769 465 alle-

127 477 177 530 lois
199 478 314 534 visendo
343 479 444 548 pariter
463 492 489 535 et
507 481 631 537 docendo
658 484 789 538 tradebat.
820 483 921 541 Sedet
976 489 1061 547 riano.
1085 490 1695 566 Dcttiqueatqneremlebatpnsilianimitatern
1710 499 1770 557 ira·

125 573 334 641 circumquaque
358 582 507 627 morrintcnr
532 572 603 644 vulgi
628 575 836 644 mutitudinem,
863 591 921 631 mo·
972 584 1043 632 tram
1068 579 1113 648 qni
1137 582 1255 651 praviter
1278 583 1398 652 terrem,
1418 584 1443 639 ai
1465 585 1769 654 quieenoeternorel

128 680 158 717 re
186 680 236 718 suu
250 665 344 719 crebra
360 665 515 719 uisitatione
539 665 572 718 ad
594 665 713 720 ooelestia
736 667 879 736 quaerenda
894 676 922 723 et
971 669 1131 727 meridiane
1144 672 1242 741 qnietis
1256 682 1396 742 tempore,
1411 676 1567 744 importuna
1578 675 1651 735 lorle
1662 679 1770 751 inquia-

129 753 306 822 protnerenda
322 753 512 808 succendebat.
533 753 590 809 Nec
605 769 658 809 nott
672 758 753 810 etiam
767 757 921 826 siqniscla·
973 760 1063 814 tudine
1084 762 1266 819 suscitarent:
1285 764 1407 833 «Nemo,
1432 767 1574 838 inquiens,
1595 771 1662 826 mibi
1677 773 1769 829 mola·

130 847 184 899 rirtr
196 844 318 910 effectus,
334 846 464 914 plurimos
476 847 558 901 uariis
572 846 745 918 languoribus
758 856 787 902 et
801 857 921 904 tormen·
971 849 1050 905 stiam
1070 851 1135 907 lacit
1151 867 1195 909 me
1209 856 1351 912 excitando
1361 859 1396 914 de
1408 872 1516 927 ronrttc,
1529 862 1578 917 red
1594 862 1687 932 potins
1701 864 1770 921 lali·

130 939 164 990 tis
178 936 390 1006 comprehensos
411 937 565 991 orationum
587 937 713 993 instantia
729 941 824 1008 prisce
846 941 922 993 saui-
972 943 1034 997 leat
1053 957 1097 999 nte
1117 945 1368 1016 quitersuscitat3
1394 951 1458 1007 lacit
1476 953 1550 1008 eninr
1573 969 1619 1011 me
1644 956 1770 1015 discusso

130 1029 177 1081 tati
193 1030 324 1093 restituit,
349 1028 493 1083 nonnullos
516 1030 550 1082 alr
565 1029 764 1084 immundorum
779 1031 922 1100 spirituum
972 1043 1081 1106 torpore
1103 1038 1191 1094 somni
1206 1040 1330 1096 utilitatis
1344 1041 1445 1111 aliquid
1460 1058 1542 1117 agere
1552 1045 1596 1102 rel
1609 1048 1766 1118 cogitares

128 1123 283 1189 roratione,
300 1124 308 1154 ¹
325 1125 478 1179 tronsotum
496 1139 615 1193 presens
640 1125 785 1196 tatrqondo,
808 1126 920 1194 orando,
971 1122 1085 1180 Tantum
1109 1138 1197 1182 auteur
1222 1130 1422 1200 compunctioni
1443 1134 1768 1203 sustentamentum

127 1215 301 1283 imperando,
324 1214 524 1278 exorcizanda,
546 1215 593 1269 sed
607 1225 636 1272 et
650 1216 748 1271 absens
762 1217 804 1271 ret
820 1225 921 1271 tantuna
970 1217 1127 1272 eoelestibus
1140 1218 1252 1275 ardebat
1265 1221 1418 1291 desideriis,
1433 1233 1462 1278 ut
1472 1226 1616 1281 mimarum
1629 1228 1764 1285 solennia

127 1306 241 1374 strando,
258 1307 299 1360 rel
312 1316 490 1361 cartaeorum
505 1308 674 1361 sanationem
690 1307 860 1375 predicente
871 1320 920 1361 en·
970 1304 1123 1374 celebrans,
1139 1322 1307 1378 nequaquam
1321 1311 1382 1366 sine
1404 1311 1562 1382 prolusione
1580 1316 1766 1388 laerymarum

130 1399 217 1463 rasit,
241 1400 267 1451 iu
292 1398 390 1465 quibus
411 1406 471 1452 erat
489 1407 517 1452 et
533 1398 575 1452 illa
591 1398 710 1470 praelecti
733 1413 799 1454 uror
821 1398 921 1470 deqea
972 1394 1086 1465 impiere
1107 1408 1199 1467 posset
1218 1398 1350 1457 ollicium.
1380 1398 1763 1475 seumoqruosstisoruins

128 1491 141 1516 ⁸
154 1503 235 1558 supra
251 1490 402 1544 retulimus.
970 1486 1034 1543 dum
1046 1489 1180 1556 passionis
1193 1489 1336 1549 dominice
1346 1495 1474 1566 mysteria
1488 1497 1657 1569 celebraret,
1677 1501 1767 1558 inrita·

164 1583 249 1637 Erant
273 1590 364 1636 autern
389 1580 500 1652 quidam
523 1581 551 1637 in
573 1582 738 1637 monasterio
761 1582 857 1638 tratres
875 1583 921 1653 qui
970 1588 1045 1634 retur
1060 1579 1200 1650 ipsequod
1216 1592 1317 1652 ageret,
1331 1584 1472 1654 seipsum,
1493 1589 1642 1657 videlieet,
1663 1591 1720 1648 bac
1738 1594 1767 1649 in

131 1672 229 1741 priseae
249 1686 306 1726 suae
330 1671 535 1737 consuetudini,
564 1687 643 1742 quant
669 1672 785 1745 regulari
811 1672 920 1729 mallent
970 1669 1061 1724 cordis
1076 1671 1238 1728 contritione
1252 1674 1411 1741 mactando,
1425 1676 1513 1733 redet
1524 1678 1665 1737 adstantes
1680 1696 1766 1753 popu·
1813 1712 1819 1725 ·

103 1752 110 1833 j
128 1762 319 1830 obtemperare
343 1761 483 1816 custodia.
511 1759 585 1827 Quos
606 1770 695 1816 mmen
711 1762 757 1817 ille
770 1762 782 1793 ¹
797 1762 919 1817 modesta
933 1752 958 1815 b
972 1761 1012 1814 los
1022 1774 1128 1815 sursum
1152 1761 1368 1831 certaturae,
1388 1773 1416 1822 et
1436 1768 1537 1839 prades
1549 1785 1632 1842 agere
1647 1771 1765 1830 mnino

129 1852 269 1921 quatientia
293 1866 348 1906 sure
365 1852 463 1907 virtuto
476 1853 619 1922 superabat
629 1862 657 1908 et
669 1853 825 1922 quotidiano
843 1869 920 1910 caer·
969 1850 1026 1906 tteo
1050 1861 1155 1921 nostro,
1179 1854 1264 1925 magis
1278 1855 1336 1925 ipse
1347 1871 1395 1911 cor
1406 1872 1486 1927 quatu
1498 1873 1592 1916 rocem
1605 1862 1764 1920 exaltandos

130 1945 194 1998 citio
209 1944 337 2013 paulatini
349 1942 383 1997 ad
400 1942 521 1999 arctioris
533 1941 663 2014 propositi
684 1951 783 1999 statum
805 1957 920 2001 eonver-
970 1945 1059 2012 potins
1071 1944 1210 2015 gemendo
1224 1960 1304 2015 quarn
1317 1949 1438 2003 sariendo
1449 1948 1619 2006 admoneret.
1632 1951 1698 2008 Erat
1707 1955 1767 2011 sela

127 2035 209 2089 tabat.
240 2033 362 2105 Denique
385 2035 484 2103 sapius
506 2034 533 2089 itt
557 2044 628 2091 cortu
653 2035 762 2090 tratrurn
783 2034 818 2090 de
828 2035 921 2105 regula
966 2034 1078 2105 justitie
1099 2035 1219 2091 letridus
1230 2036 1264 2091 ad
1277 2039 1444 2107 arqtteodum
1459 2051 1613 2108 peccantes,
1636 2044 1765 2114 eratspi·

130 2131 292 2198 stimulans,
315 2144 376 2184 cunr
392 2129 529 2183 acerrimis
541 2121 783 2186 contradicentium
796 2128 920 2198 latigare-
969 2124 1023 2180 ritu
1041 2125 1255 2181 mansuetudinis
1269 2128 1406 2183 modestus
1419 2128 1452 2184 ad
1467 2132 1661 2200 ignoscendum
1676 2133 1764 2201 poni.

131 2232 174 2275 mr
197 2219 320 2290 injuriis,
350 2220 513 2290 exsurgebat
537 2230 698 2290 repentest
726 2221 823 2290 placito
846 2220 920 2275 vultu
970 2216 1106 2282 tentibus,
1132 2218 1169 2271 ita
1192 2223 1222 2271 ut
1241 2231 1295 2271 non
1321 2217 1483 2287 nunquamh
1500 2222 1695 2281 confitentibus
1713 2226 1765 2281 siti

131 2320 213 2380 atque
236 2311 326 2365 animo
349 2311 489 2381 egrediens
513 2309 664 2366 dimittebat
684 2320 867 2376 ronreutunr,
888 2324 921 2365 ac
970 2316 1078 2376 peecata
1099 2320 1147 2362 sas
1171 2306 1215 2361 bis
1233 2307 1280 2379 qui
1301 2308 1491 2377 deliquerant,
1515 2312 1587 2381 prior
1613 2314 1672 2383 ipsa
1685 2316 1764 2371 ntiae·

131 2402 257 2472 sequenti
272 2401 443 2456 nibilominus
456 2402 510 2468 die,
523 2401 597 2469 quasi
610 2400 648 2457 nil
659 2401 818 2470 objectionis
834 2400 920 2472 pridie
970 2411 1034 2451 rans
1050 2397 1182 2464 indrmos,
1198 2398 1332 2470 lacrymae
1344 2399 1484 2465 tunderet,
1505 2404 1612 2472 etquid
1628 2406 1767 2474 poenam

127 2493 316 2560 sustinnisset,
338 2493 433 2549 eadem
452 2508 512 2561 quar
523 2491 595 2562 prius
608 2494 707 2548 monita
719 2491 823 2548 eisdem
838 2492 920 2548 dabat
969 2488 1102 2557 agendum
1116 2499 1190 2544 esset
1201 2488 1260 2560 ipsa
1272 2489 1363 2561 justus
1374 2504 1427 2547 suo
1436 2505 1659 2562 praemonstraret
1670 2509 1763 2553 esern-

127 2589 314 2655 auditoribus,
339 2589 425 2643 donec
449 2588 509 2643 illos
529 2587 668 2658 paulatim,
692 2597 722 2642 ut
743 2586 870 2654 diximus,
884 2587 918 2642 ad
971 2580 1025 2650 1³¹⁰·
1054 2585 1087 2595 ’“

126 2679 327 2750 euqnseueliet
343 2685 525 2734 converteret.
556 2677 798 2748 lirutuanrqttorir
813 2679 919 2747 paticn·
1008 2667 1533 2741 vestimentislleffiiuffflmmlflibffli
1554 2673 1593 2729 5¹⁸
1607 2681 1765 2749 “milma-

129 2774 175 2824 tias
188 2770 287 2826 virtute
308 2769 469 2838 praecipuus,
494 2778 574 2837 atque
589 2770 622 2822 ad
644 2767 802 2837 pertereuda
816 2767 921 2824 lortiter
971 2767 1014 2815 ter
1027 2772 1122 2831 agenr,
1137 2770 1167 2815 ut
1180 2762 1275 2816 borum
1289 2776 1376 2832 neque
1387 2764 1525 2819 munditiis
1539 2780 1628 2835 neque
1637 2768 1766 2825 sordibus

126 2860 217 2916 titonia
240 2876 301 2932 quaa
324 2861 365 2916 rel
390 2860 481 2915 animo
504 2860 545 2915 rel
567 2859 674 2930 corpori
688 2859 800 2915 adressa
815 2859 921 2930 ingere·
970 2860 1044 2907 esset
1060 2852 1200 2909 notabilis.
1221 2853 1297 2909 linde
1312 2869 1397 2924 nsque
1419 2856 1499 2912 bodie
1513 2858 1540 2911 in
1554 2860 1653 2915 eodeni
1668 2875 1764 2916 mona·

127 2953 225 3005 bantur
249 2949 464 3016 invictissimus.
488 2963 538 3004 uec
563 2949 651 3004 nrinus
673 2950 745 3005 inter
758 2949 843 3004 tristia
858 2963 919 3020 que
970 2942 1054 2998 sterio
1078 2943 1203 3012 exemplo
1224 2945 1283 3012 eius
1304 2945 1474 3012 obserunnr,
1496 2961 1532 3003 ne
1553 2950 1618 3018 quis
1638 2950 1765 3007 sariiaot

128 3037 303 3110 contigissent
327 3039 422 3094 laeiem
438 3038 607 3109 praetendens
623 3039 755 3102 litarent,
776 3038 811 3094 ita
826 3049 857 3094 at
869 3053 918 3108 pn·
970 3033 1081 3102 pretiosi
1097 3034 1198 3090 eoloris
1214 3033 1310 3091 lrabeat
1325 3034 1521 3104 indumentum,
1535 3039 1583 3094 sed
1597 3052 1632 3095 ea
1648 3042 1766 3098 nrarirne

128 3130 305 3185 landaretur
326 3127 460 3196 intelligi,
486 3128 548 3198 quin
575 3129 679 3183 interna
702 3127 812 3198 spiritus
831 3128 917 3185 saneti
931 3108 957 3174 C
972 3124 1087 3180 restium
1101 3125 1192 3196 speeie
1204 3126 1259 3180 sint
1272 3126 1402 3191 constanti,
1426 3141 1506 3198 quarn
1517 3129 1650 3184 naturalis
1672 3131 1763 3186 orium

126 3221 314 3278 consolatione
327 3235 465 3291 pressuras
477 3219 681 3275 contemneret¹
693 3220 870 3276 extrinsecas.
970 3215 1031 3270 lana
1043 3216 1188 3272 ministrat.
1209 3215 1256 3272 llis
1272 3226 1301 3272 ct
1316 3217 1469 3287 hujusmodi
1494 3218 1663 3288 spiritalibus
1681 3237 1762 3279 exer·

162 3315 215 3371 Sed
229 3327 254 3370 et
269 3314 416 3386 vigiliarum
431 3321 512 3380 atque
531 3311 661 3367 orationis
675 3310 686 3343 ⁸
699 3312 768 3368 adeo
779 3312 917 3368 studiosus
963 3307 1042 3362 eitiis
1055 3304 1097 3361 vir
1110 3306 1271 3360 uenerabilis
1284 3347 1292 3372 ,
1315 3316 1343 3361 el
1357 3312 1488 3362 banorum
1502 3324 1674 3380 quorumque
1687 3314 1721 3367 ad
1733 3325 1764 3367 as

128 3404 280 3472 existebat,
311 3414 340 3459 ut
363 3403 504 3474 aliquoties
530 3414 585 3458 tres
604 3405 661 3458 site
688 3412 801 3473 quatuor
824 3412 917 3458 noctes
971 3395 1129 3453 imitandum
1143 3394 1453 3465 provacabaladectunt,
1467 3399 1762 3472 otiiuprcbosquoqne

125 3497 265 3552 continuas
282 3494 395 3566 pervigil
420 3496 583 3563 transegisse
597 3493 608 3525 ¹
621 3493 759 3561 credatur,
782 3508 842 3550 cunr
868 3509 917 3564 per
970 3502 1002 3544 ac
1016 3488 1130 3545 rebelles
1142 3486 1206 3544 nitar
1229 3487 1251 3521 ¹·
1264 3491 1421 3560 regularius
1436 3491 1584 3560 pertirtaeis
1597 3495 1640 3549 ant
1653 3508 1762 3552 reram·

129 3600 231 3644 tantum
244 3589 374 3659 temporis
393 3600 480 3656 neque
504 3587 537 3641 ad
561 3586 828 3658 lectum⁸proprium
843 3589 918 3643 reni·
970 3581 1016 3636 bat
1029 3582 1140 3636 errotis·

127 3690 178 3750 tet,
191 3694 277 3751 nequc
290 3688 365 3735 extra
375 3677 561 3731 tlorrnimrium
576 3676 687 3731 fratrum
700 3677 789 3732 locutu
801 3677 917 3746 aliquem
969 3688 1044 3745 epp,
1056 3688 1137 3745 xpp,
1150 3697 1171 3729 st
1184 3689 1289 3756 quqem
1299 3689 1347 3743 „pr
1359 3689 1386 3743 p.
1399 3689 1486 3744 pmii,
1499 3689 1595 3746 pm
1607 3692 1690 3762 „pp
1709 3695 1762 3750 42.

127 3776 154 3828 tu
169 3786 222 3842 quo
245 3785 358 3841 pausare
373 3777 463 3839 posset
476 3769 596 3823 liaberet.
626 3768 689 3824 sim
708 3768 779 3824 enim
798 3769 863 3827 luicis
874 3785 915 3825 se·
1147 3762 1262 3815 ΜΝ
1277 3760 1458 3815 'mmmmm
1472 3763 1571 3831 iaml-

126 3862 285 3917 arctioribus
308 3861 381 3915 solus
400 3862 514 3915 orationi
531 3859 661 3927 uacabat,
687 3862 744 3916 site
756 3862 827 3917 inter
843 3864 916 3931 psal·
1007 3854 1046 3908 Ᾱθ
1059 3863 1198 3924 ⁹⁰⁸¹l⁰²¹¹¹
1212 3853 1342 3907 5¹¹0⁰d0¹¹¹
1357 3854 1616 3909 '¹¹⁰⁰“10li01m111'
1630 3870 1760 3912 *nullm

129 3947 437 4018 lendum’operabatur
459 3949 558 4017 aliquid
593 3948 736 4014 manibus,
767 3957 917 4020 torporem·
967 3944 1271 4014 curricotaeesplerit,
1288 3945 1394 3999 tundent
1410 3946 1758 4017 diaeoneupita,qanlu,

127 4055 180 4110 que
196 4041 206 4073 ⁸
221 4038 384 4094 dormitandi
408 4038 555 4095 laborando
577 4041 754 4110 propellebat,
779 4056 828 4097 seu
841 4053 916 4100 certe
969 4052 1001 4094 ao
1014 4037 1096 4108 petita
1109 4037 1260 4092 solitudinis
1269 4045 1386 4100 secreta.
1399 4035 1546 4091 Φθωίῑθῦῑθ
1561 4035 1666 4105 ltaefstll
1676 4034 1758 4093 ebbe·

128 4131 257 4187 circuibat
272 4133 407 4198 insulam,
434 4132 568 4203 quomodo
579 4146 609 4187 se
623 4130 727 4202 singula
743 4149 856 4205 quasque
869 4135 915 4189 ba·
969 4132 1005 4187 tis
1018 4133 1064 4213 sui
1073 4129 1153 4186 simul
1172 4129 1329 4185 eilratrunr
1343 4127 1438 4200 qratia,
1464 4129 1578 4183 multum
1594 4128 1758 4186 tentandus

129 4227 223 4280 berem
237 4225 293 4293 pius
301 4223 459 4292 explorator
474 4223 631 4292 inquirens,
646 4224 744 4289 pariter
756 4232 784 4278 et
799 4226 916 4296 longitu·
969 4225 1045 4278 adiit.
1066 4221 1207 4276 Gaudebat
1228 4234 1343 4289 statuque
1365 4219 1428 4291 quia
1448 4219 1483 4275 ds
1504 4221 1582 4292 longa
1596 4220 1757 4293 perfectione

602 4312 836 4370 tutunlbntlll
860 4315 1055 4372 instaures
1074 4309 1279 4368 tbc'ttunsss.

164 4408 175 4508 ζ
194 4406 221 4461 N
223 4423 254 4460 on
267 4405 350 4488 solunt
361 4419 471 4475 prorem
482 4401 592 4471 orendo,
606 4404 733 4458 artearte.
996 4407 1007 4439 '
1028 4406 1190 4488 Operobotur
1200 4403 1328 4456 monibus.

166 4479 372 4602 dllt‘lu.
993 4479 1189 4602 i‘dia'iiim·

166 4618 177 4647 ⁸
196 4617 237 4671 ltu
255 4617 393 4671 studiosus.
998 4619 1021 4658 ¹⁹
1042 4616 1172 4687 ilcqulori.

167 4688 176 4714 '⁸
195 4686 360 4741 Credettntur.
999 4690 1020 4720 ¹¹
1041 4688 1156 4753 Qualiter
1168 4684 1227 4739 tibt't

165 4758 177 4790 ⁰
197 4756 345 4827 pmp'mm'
362 4773 451 4828 ''m‘'
782 4824 959 4883 rattruuuu
979 4818 1095 4878 sors.

167 4923 294 4990 ⁸srtpra.
311 4923 403 4990 Capito
420 4920 596 4988 precedente.
611 4919 707 4976 Suros.
965 4913 1040 4970 alerii
1063 4912 1180 4982 prioratu
1205 4906 1392 4964 duodecimum
1419 4916 1447 4962 ct
1473 4922 1506 4964 eo
1527 4910 1643 4979 anplius
1660 4926 1752 4971 antrum

168 4986 377 5046 btuttlcssiouis
396 5003 477 5057 utque
516 4991 718 5045 sacramentalis
749 4989 912 5043 metationem
966 4977 1754 5061 transegisset,tattdenruomittntepraelatiabbatissuisi·

132 5065 251 5135 plurrilms
266 5064 291 5116 in
305 5062 369 5115 locis
380 5061 443 5116 lucit
459 5060 540 5124 Beda,
556 5062 680 5114 nimirum
694 5061 720 5114 iu
737 5059 802 5113 ilist.
816 5060 864 5113 tib.
876 5073 914 5126 tt,
968 5056 1023 5110 niul
1036 5065 1063 5108 et
1074 5057 1186 5134 lratrurn
1199 5047 1504 5131 gratia,'atraelroretrese
1517 5066 1626 5121 quoque
1638 5062 1755 5110 eontent-

131 5155 191 5204 mp.
203 5131 250 5200 25,
266 5140 294 5186 et
309 5132 354 5184 tiu.
371 5147 397 5195 u,
411 5147 471 5199 cap.
484 5129 517 5184 lb
529 5141 556 5186 ct
572 5129 618 5190 tl.
632 5139 659 5184 et
670 5131 696 5184 in
711 5129 769 5199 ejus
780 5130 858 5184 dictis
874 5145 918 5184 re·
969 5126 1096 5194 plotionts
1104 5130 1205 5175 secreta
1218 5121 1324 5173 stloutta
1333 5127 1440 5187 petru.»
1457 5119 1524 5174 llttto
1536 5133 1660 5192 apparet,
1676 5124 1754 5180 bocas

133 5211 192 5261 tutis
207 5206 232 5259 in
247 5202 330 5256 dttnc.
346 5203 449 5272 regul,
463 5216 522 5270 cap.
546 5199 590 5266 stt,
604 5200 619 5270 ἦ
633 5202 659 5257 6.
676 5199 746 5270 Lege
757 5214 817 5268 cap.
830 5199 858 5266 9,
872 5215 918 5254 su·
969 5193 1093 5264 loquendi
1110 5204 1235 5273 .⁸⁰.⁰.⁸¹'⁰’
1268 5203 1314 5256 per
1337 5189 1416 5258 longa
1438 5203 1583 5271 annorum·
1601 5193 1754 5274 curricula,

133 5296 189 5349 pta.
202 5277 317 5332 llantur.
969 5266 1081 5329 aliisque
1095 5260 1245 5325 stmtltbus,
1269 5273 1321 5312 non
1347 5272 1455 5327 semper
1470 5274 1585 5328 exprmn
1598 5261 1639 5330 (ut
1649 5265 1753 5332 qutdam

170 5360 182 5389 e
204 5341 545 5413 septentrionesque
568 5338 730 5404 dttodecinr;
746 5347 847 5394 secreta
864 5337 914 5408 igi·
971 5333 1125 5404 opinantur)
1147 5342 1316 5409 ttutnerosanr
1337 5329 1484 5414 quamdam
1502 5344 1635 5412 annorum
1660 5335 1754 5388 serien

132 5430 175 5474 tur
198 5415 349 5472 solitudinis
379 5411 454 5480 petiit
476 5425 521 5464 an.
545 5408 700 5480 liidfflor.
729 5409 818 5480 Wiq.;
847 5407 914 5464 Sim.
971 5404 1041 5473 apud
1054 5400 1150 5458 ntediae
1164 5408 1251 5454 aetatts
1261 5407 1419 5479 scrtptores.
1438 5400 1600 5456 brunstatcus
1614 5416 1642 5454 tn
1659 5401 1754 5472 Regula

136 5497 224 5553 truie,
248 5503 267 5544 r.
288 5484 322 5551 l,-
340 5484 410 5537 ldecl.
438 5480 505 5534 llist.
528 5495 564 5541 tv.
584 5479 641 5549 lu).
664 5481 760 5534 Sutru.
772 5480 916 5545 —Nempe
968 5474 1082 5538 solitar..
1098 5485 1160 5539 ttap.
1176 5472 1201 5551 l,
1216 5469 1309 5549 scribut
1323 5471 1430 5523 beatum
1444 5469 1585 5524 Amulium
1600 5481 1662 5552 post
1676 5477 1753 5525 trtutta

133 5574 217 5614 attritis
240 5555 391 5616 duodecim,
408 5552 450 5607 sie
467 5552 537 5605 enim
558 5550 703 5620 'turgottus
726 5552 752 5603 in
779 5549 847 5605 llist.
864 5548 917 5601 btt-
968 5558 1099 5598 antrorum
1120 5540 1251 5595 eurrtcula
1271 5552 1299 5592 tn
1322 5552 1414 5593 ereum
1430 5549 1523 5595 exacta
1537 5540 1698 5603 decesstsse,
1714 5549 1754 5596 ι..

134 5632 227 5691 sictut..
242 5627 286 5681 lib.
304 5642 323 5691 t,
338 5623 427 5691 capi
452 5638 459 5675 ε
487 5639 496 5674 t
512 5625 587 5675 Anno
607 5622 640 5674 ab
665 5620 718 5674 lue.
733 5620 837 5674 llontini
852 5618 914 5681 ulti,
970 5613 1048 5668 ntetsi
1064 5610 1191 5667 nriiultus
1213 5612 1257 5691 six
1281 5611 1398 5678 integrus
1411 5607 1504 5691 desem
1518 5623 1605 5664 annos
1617 5610 1645 5664 in
1658 5612 1752 5664 solitu-

133 5709 244 5765 quque
268 5712 353 5750 annus
369 5692 470 5761 irruperit
494 5689 564 5760 regis
588 5690 685 5760 Egiridi
700 5691 838 5756 septimus,
854 5702 915 5742 curn
968 5683 1031 5737 dine
1052 5681 1132 5737 risit.
1160 5681 1288 5739 blitumst
1307 5678 1428 5750 exempla
1452 5679 1479 5736 nl
1506 5694 1593 5751 genus
1614 5691 1749 5737 sescenta.

135 5786 175 5826 tn·
201 5767 304 5824 bouriui
325 5765 486 5821 cuthbertus
518 5761 546 5818 in
575 5758 798 5817 liridistsmcnsis
824 5772 916 5815 motta·
969 5754 1079 5810 blastus.
