3802 6126
111 312 168 370 153

521 313 617 368 SECT.
639 312 658 366 l.
681 310 846 366 llututtlu.
868 340 901 349 —
922 309 986 362 ttu.
1007 309 1038 362 ll.
1060 310 1137 364 null.
1159 307 1332 364 GENUlb'AE.

1687 306 1737 362 lbi

112 441 184 487 certt,
198 439 252 478 nou
267 423 354 478 solum
368 423 394 476 in
409 421 522 475 latendo
536 423 616 490 pedes
632 424 753 483 fratrum,
764 420 810 474 scd
825 421 904 473 etiarn
918 433 943 488 Α
957 420 1044 474 tleltita
1061 431 1160 475 nostra.
1176 421 1250 487 Quod
1267 421 1352 488 iprnrn
1370 418 1508 484 :lpostolns
1522 433 1626 487 ottoque
1639 422 1737 486 precl-

111 517 322 588 inquibuslibet
341 531 433 571 eorum
456 516 659 570 necessitatibus
678 512 850 582 atljurandis;
871 511 905 565 ad

115 609 257 681 mysticum
274 622 337 661 rero
355 607 533 669 intellectum,
556 618 584 659 ut
599 608 666 659 sieut
689 605 815 658 Dominus
829 604 906 658 nobis

117 710 225 770 peccata
247 698 437 768 paenitentibus
450 697 587 751 dimittere
601 696 754 758 consuerit,
775 694 810 746 ita
824 697 905 747 etiarn

115 804 167 843 uos
178 787 352 855 peccantibus
365 786 391 840 in
406 801 454 840 nos
468 784 594 839 t‘ratribos
605 785 739 839 dimittere
750 784 906 838 festinemus

116 876 225 948 tuerit.
241 893 279 943 rt,
297 875 381 930 liare.
397 880 449 944 ιι).
470 876 543 929 Sicut
557 876 601 930 ille
616 876 680 928 larit
695 891 770 928 nosa
791 875 907 941 peccatis

119 968 220 1020 uostris
235 964 428 1033 interpellando
446 964 549 1017 Patrem
564 963 712 1032 pronubis,
727 965 759 1015 ita
774 972 800 1016 et
814 977 870 1025 nos,
883 958 906 1015 si

114 1055 224 1109 sciurus
244 1053 354 1107 lratrem
374 1062 494 1107 trostrum
515 1068 625 1118 peecare
644 1063 779 1118 peceatum
804 1069 855 1104 nott
875 1051 907 1104 ad

118 1157 244 1208 rnortem,
269 1153 391 1212 petamus
414 1155 443 1198 ut
460 1144 538 1197 detur
552 1144 575 1196 ei
593 1143 644 1197 rita
667 1143 787 1211 peccanti
808 1158 860 1195 non
874 1142 907 1195 sd

113 1245 236 1289 'mortem
251 1233 277 1300 (l
292 1236 372 1288 loun.
386 1236 425 1302 ι).
452 1235 484 1287 [ι
497 1236 564 1287 sicut
581 1233 696 1287 lacoltns
710 1231 848 1299 apostolus
862 1231 909 1283 arl-

118 1336 223 1388 rnnnet,
237 1324 412 1394 confiteantur
425 1326 577 1378 alterutrum
587 1335 690 1394 peccata
705 1333 803 1384 nostra,
815 1335 839 1376 et
852 1339 910 1377 ors·

112 1431 177 1467 ratu
191 1431 237 1484 pro
252 1415 368 1478 inuicem,
384 1425 410 1467 ut
424 1414 551 1468 saloerner
564 1414 634 1485 (lac.
651 1415 677 1484 ι)
695 1432 700 1467 :
717 1418 785 1469 sicut
803 1416 845 1468 ille
862 1431 909 1483 pru

120 1505 200 1558 nobis
214 1504 331 1558 artimam
345 1519 421 1558 snam
438 1506 536 1570 posuit,
553 1506 590 1560 sic
605 1515 633 1558 et
647 1520 694 1558 nos
710 1507 824 1560 instante
841 1517 908 1559 tern-

122 1597 198 1663 poris
208 1596 323 1650 articulo
339 1612 385 1665 pro
399 1596 525 1652 narr-tuus
536 1598 637 1652 animas
650 1613 779 1667 ponamus
792 1597 819 1670 ll
831 1596 908 1652 Joon.

117 1688 172 1753 ιιι).
189 1685 326 1754 Sequitur,

958 515 1041 578 piene,
1058 511 1103 576 ait,
1121 511 1209 564 Estote
1219 522 1302 564 autern
1314 510 1418 562 inuicem
1430 510 1540 580 lterripui,
1553 510 1738 576 misericordes,

956 601 1077 652 derrantes
1088 601 1205 668 inuicem,
1218 603 1282 653 sicut
1295 611 1317 654 et
1334 599 1401 653 Deus
1413 600 1439 651 iu
1454 598 1556 653 Cirrirto
1570 600 1672 652 dorraut‘t
1695 615 1739 654 ιο-

956 693 992 745 bt's
1004 689 1084 760 (Epir.
1101 692 1148 757 tv).

992 784 1022 836 St'
1037 787 1100 844 lroec,
1113 783 1204 849 innuit,
1220 782 1300 845 uritis,
1315 782 1379 834 beati
1393 781 1461 834 eritis
1475 783 1498 835 si
1513 782 1621 850 feceritis
1635 798 1675 835 err.
1691 781 1740 836 Sa·

957 874 1050 927 lutaris
1073 873 1130 927 brec
1152 876 1261 927 multum
1287 873 1370 926 uentri
1385 871 1539 936 Salvatoris,
1555 882 1580 926 et
1595 872 1688 928 scdulo
1700 883 1743 926 est

957 963 1096 1031 ettgttnnta
1111 964 1252 1026 sententia,
1267 965 1325 1030 qnia
1342 963 1525 1017 nutrierimus
1548 965 1657 1017 sciendo
1681 978 1739 1018 ιιι-

958 1051 1032 1107 lestia
1050 1063 1191 1120 precepta,
1208 1054 1229 1106 si
1245 1063 1332 1106 tamen
1345 1069 1374 1107 ea
1389 1069 1448 1121 qum
1464 1054 1585 1107 norirnur
1608 1055 1743 1121 operando

958 1155 1101 1198 sectentur.
1126 1144 1176 1210 Qui
1198 1146 1269 1197 enim
1293 1146 1396 1212 cognita
1420 1143 1478 1212 eius
1500 1144 1744 1198 mandataserraro

959 1233 1067 1302 negligit
1092 1233 1183 1286 beatos
1207 1247 1266 1287 csse
1288 1248 1341 1286 non
1364 1234 1448 1298 t·alet;
1464 1235 1507 1301 qui
1520 1232 1577 1287 brec
1592 1235 1632 1287 rel
1645 1247 1744 1303 ergno-

960 1341 1034 1377 scete
1056 1325 1211 1387 contemnit,
1240 1324 1322 1377 multo
1347 1325 1448 1393 longius
1471 1340 1485 1376 a
1510 1326 1645 1379 lentorum
1670 1335 1744 1380 sorte

959 1414 1113 1467 secluditur.
1135 1411 1263 1480 Congruit
1286 1413 1328 1467 ltls
1350 1413 1500 1481 Psaltnista‚
1524 1416 1567 1482 uui
1590 1418 1741 1468 mortalium

960 1504 1040 1558 corda
1055 1507 1232 1573 perpetuens,
1248 1521 1323 1574 reque
1336 1521 1429 1560 omnes
1440 1504 1627 1561 beatitudinem
1640 1521 1744 1572 antare,

960 1597 1007 1650 sed
1024 1613 1120 1665 paucos
1134 1598 1177 1652 ubi
1191 1609 1235 1653 est
1248 1614 1369 1667 quaerere
1380 1597 1555 1668 conspiciens,
1570 1602 1696 1670 ipseque
1710 1601 1746 1655 sit

961 1686 1074 1742 staxirna
1099 1689 1126 1742 in
1152 1689 1201 1744 bae
1223 1691 1277 1743 rita
1304 1690 1419 1744 ltuminis
1445 1690 1579 1745 beatitudo
1606 1693 1746 1747 manilestc

153 1775 233 1830 dusera
255 1777 313 1828 diro
335 1775 413 1840 uobis,
425 1792 476 1830 nou
489 1785 526 1829 ert
537 1793 622 1831 aereus
635 1793 718 1847 suuper
731 1780 834 1831 domino
844 1794 903 1843 sue,
918 1778 944 1837 li
960 1787 1122 1845 protestatus
1147 1787 1198 1845 cst,
1213 1780 1317 1844 dicens,
1332 1781 1405 1833 uenn·
1418 1781 1574 1834 immaculati
1589 1782 1616 1835 iu
1627 1783 1677 1848 uia,
1702 1783 1747 1852 pai

118 1883 200 1934 tuque
221 1867 353 1932 apostolus
375 1869 458 1935 major
471 1884 500 1920 eo
515 1869 558 1937 qtrr'
572 1868 639 1920 nrisit
664 1869 747 1922 illum.
768 1868 824 1922 lloc
849 1869 908 1923 idco

119 1958 191 2011 elisit
204 1958 264 2027 quia
280 1957 380 2013 laverat
395 1958 476 2027 pedes
488 1973 626 2013 serrorum
639 1974 748 2013 suorum
769 1959 907 2026 Dominus,

115 2061 146 2103 et
160 2050 269 2118 ipsequi
280 2050 352 2103 ruisit
363 2065 455 2104 cortun
470 2065 537 2119 quos
551 2050 633 2104 misit.
650 2053 793 2118 Apostolus
804 2050 907 2117 Graece,

119 2137 212 2192 latine
225 2139 321 2192 dicitur
337 2139 443 2207 missus,
460 2152 488 2193 ιιι
501 2139 653 2194 ostenderet
667 2156 697 2195 ea
712 2157 772 2211 qnae
784 2143 907 2197 etcelstts

116 2229 182 2282 berit
196 2229 339 2296 humiliter,
356 2230 439 2284 multo
453 2231 535 2299 magis
546 2230 688 2286 homilibus
699 2242 725 2286 et
735 2233 847 2287 inlrrmis
861 2234 909 2286 ltu-

120 2320 221 2374 ntiliter
243 2334 304 2375 esse
320 2317 457 2374 iacienda.
472 2321 523 2375 Sed
541 2330 568 2374 ιιι
581 2320 632 2375 bne
646 2322 672 2375 in
686 2322 745 2376 lero
764 2322 908 2389 spirintalr's

120 2410 273 2463 intellectus
295 2421 488 2474 commoneret,
512 2410 573 2479 quia
589 2411 611 2464 si
627 2412 682 2482 ipse
705 2411 750 2480 nul
773 2423 907 2479 peccatum

122 2515 178 2552 non
194 2500 264 2563 lecit,
280 2516 325 2554 nec
338 2501 500 2554 interluceat
516 2502 591 2555 dolus
602 2501 629 2554 in
644 2518 687 2556 ιιι
697 2506 752 2572 ejus
763 2501 788 2569 (l
804 2501 861 2555 Pet.
878 2519 907 2569 n,

123 2588 182 2644 ltu.
198 2591 267 2661 tur),
283 2592 434 2660 interpellat
449 2609 496 2661 pru
512 2594 610 2647 trostris
634 2596 797 2659 excessibus,
824 2598 908 2650 rnnlto

123 2683 208 2750 ansgis
230 2684 277 2752 ipsi
299 2683 443 2737 debeamus
466 2699 544 2739 orare
564 2702 612 2752 pro
631 2687 754 2741 inricetn.
778 2688 831 2743 Sed
856 2688 906 2742 etsi

121 2770 232 2823 dimittit
242 2772 319 2824 nobis
333 2771 379 2825 ille
391 2771 432 2826 eui
444 2788 495 2826 non
508 2773 636 2827 babemus
646 2775 716 2843 qnod
732 2775 906 2844 dimittamus,

124 2859 304 2930 multomagis
320 2873 426 2930 oportet
439 2877 487 2916 nos
501 2864 657 2919 alterutrant
677 2866 809 2922 dimittere
832 2869 908 2923 nobis

959 1868 1088 1921 atrrlnlunt
1103 1869 1129 1920 in
1143 1871 1197 1940 lege
1213 1869 1316 1922 Doutini
1338 1869 1422 1941 (Paci.
1444 1871 1530 1940 cart).
1547 1872 1580 1925 ut
1594 1888 1627 1925 ne
1639 1884 1746 1941 putare-

961 1967 1003 2014 tur
1017 1958 1074 2013 nne
1088 1962 1128 2011 via
1141 1959 1370 2015 itnntaenlatorurn
1385 1976 1417 2016 ac
1428 1962 1564 2016 beatorum
1574 1962 1746 2029 abimperitis

959 2051 1058 2122 passim
1075 2063 1101 2107 et
1112 2053 1228 2107 ‚rudibus
1241 2068 1320 2122 posse
1333 2054 1535 2122 comprehendi,
1551 2064 1747 2124 consequenter

960 2143 1080 2212 adjunxit
1095 2153 1120 2197 ιι
1136 2143 1184 2209 ait,
1198 2142 1272 2198 Deera·
1286 2145 1329 2212 qtu'
1342 2154 1489 2198 seruiuntur
1508 2145 1652 2199 testimonia
1674 2150 1747 2217 ejus:

961 2233 987 2285 ιιι
1000 2235 1137 2287 totocorde
1150 2235 1285 2303 exquirunt
1299 2252 1365 2288 entre.
1381 2235 1557 2305 Quapropter,
1583 2236 1746 2301 cltarissimi,

961 2336 1085 2389 rogemus
1095 2321 1152 2390 ejus
1163 2323 1342 2389 elementiam,
1356 2325 1400 2393 qni
1413 2323 1546 2379 mandarit
1558 2326 1682 2380 mandata
1696 2342 1744 2380 sua

960 2412 1088 2466 custodiri
1099 2415 1185 2476 nirnis,
1201 2422 1229 2467 ot
1242 2414 1337 2483 ‹lirigrt
1351 2417 1407 2484 ipse
1420 2415 1475 2468 rias
1488 2425 1595 2471 nostras
1609 2417 1642 2470 ad
1653 2428 1743 2471 custo·

960 2505 1072 2560 diendas
1096 2505 1302 2574 justillcationes
1328 2522 1401 2568 suos,
1430 2507 1487 2576 ipse
1511 2515 1572 2575 post
1598 2508 1745 2562 custodiant

962 2596 1147 2649 mandatorum
1161 2609 1269 2650 suornm
1283 2597 1316 2649 ad
1331 2596 1517 2650 beatitudinem
1542 2611 1590 2650 nos
1609 2611 1664 2650 suae
1688 2612 1749 2666 per·

963 2693 1050 2754 pctuae
1071 2685 1181 2739 risiortis
1201 2687 1307 2740 inducat
1326 2686 1403 2740 leurs
1423 2686 1545 2742 Clrrislus
1562 2687 1687 2740 Dominus
1700 2701 1748 2740 no-

961 2790 1025 2844 ster,
1041 2779 1085 2848 qui
1101 2779 1165 2832 ririt
1178 2789 1203 2833 ιι
1218 2788 1312 2849 regnat
1322 2793 1382 2833 curn
1395 2779 1473 2834 Daue
1484 2779 1510 2833 in
1521 2780 1622 2834 urtitate
1633 2779 1748 2848 Spiritus

960 2868 1047 2923 saneti
1060 2883 1107 2939 per
1120 2870 1209 2924 ornnla
1221 2872 1318 2925 saecula
1333 2868 1502 2926 saeculorum.
1518 2871 1616 2926 brnen.

126 3000 1245 3032 mmm„

704 3110 854 3186 ltlssull
880 3110 1157 3191 SECUNDUS.

637 3263 849 3324 notumne
872 3265 982 3325 tren
1008 3266 1235 3328 onnurnn.

377 3472 514 3528 llDlllle
535 3470 651 3526 Dutttn.

330 3599 363 3640 tu
394 3600 530 3640 rtctttt
562 3599 705 3639 teuscus.

123 3709 230 3763 ιιιπιι.
250 3713 342 3753 uun.
358 3699 444 3754 utne.
464 3714 519 3753 ιιι.
540 3698 604 3754 Luc.
625 3715 698 3753 nstv.
717 3699 794 3754 ιοιιι.
812 3715 856 3756 ιι.
877 3697 911 3755 lu

158 3772 204 3827 illo
222 3782 343 3833 tempure,
359 3785 460 3836 uespere
477 3779 563 3822 autem
579 3769 685 3825 Saliari
700 3785 756 3838 que
768 3770 871 3823 lucescit
884 3773 910 3824 iu

158 3844 241 3911 primu
256 3839 371 3902 Sublati,
396 3840 461 3892 uenit
484 3837 568 3892 Maria
592 3838 762 3908 Mapdulenu,
785 3848 808 3892 et
830 3841 911 3894 alteru

159 3911 245 3966 traua
259 3911 343 3962 uidere
355 3911 507 3972 sepulcrum.
530 3907 565 3961 Et
588 3925 645 3964 ecce
659 3919 816 3963 terremotus
827 3914 911 3978 tuctur

156 3991 192 4035 est
208 3996 324 4048 maguus.
338 3981 449 4046 Angelus
459 3981 526 4031 enirn
538 3977 641 4032 Domini
652 3979 779 4032 descendit
793 3981 824 4032 de
838 3982 910 4045 roela,

158 4062 180 4106 st
187 4053 309 4104 aucuerre
315 4051 416 4102 resoluit
426 4050 547 4116 lapidem,
557 4060 580 4102 et
587 4050 687 4102 tedebat
696 4066 771 4118 saper
781 4067 848 4113 eunt,
857 4060 909 4105 etc.

159 4142 269 4211 lligilias
284 4141 361 4194 nobis
376 4141 452 4208 buius
471 4139 659 4193 sacratissimae
678 4141 774 4207 noetis,
797 4143 864 4194 sicut
877 4155 909 4196 ex

121 4235 237 4289 lectione
261 4233 413 4302 euangelica
436 4232 605 4294 audirimus,
632 4232 726 4285 iratres
751 4231 909 4297 clarissimi,

123 4323 287 4381 resurreetio
309 4322 414 4376 Domini
438 4336 468 4374 ac
488 4320 634 4375 Snlratoris
657 4322 741 4375 nostri
766 4322 911 4378 dedicarit.

120 4413 198 4468 laste
221 4413 320 4466 etenim
338 4410 405 4464 banc
426 4425 474 4478 pro
497 4410 555 4477 eius
569 4425 660 4464 amore
679 4410 775 4480 uigiliis
793 4412 912 4466 celebra·

126 4524 186 4562 mus
200 4516 228 4562 ct
242 4505 359 4577 hymnis,
374 4506 419 4574 qui
435 4518 482 4573 pro
497 4513 589 4557 nostro
603 4518 694 4559 amore
708 4505 734 4557 in
748 4520 778 4558 ea
794 4506 912 4560 rlorntire

123 4600 151 4651 in
167 4607 290 4664 mortem,
305 4611 336 4649 ae
351 4596 384 4650 de
407 4606 493 4649 rnorte
517 4595 599 4649 roluit
621 4596 749 4661 excitari;
768 4612 829 4650 nam
844 4598 912 4651 sicot

125 4688 270 4757 nposrntns
283 4688 321 4739 ait
336 4701 343 4738 :
360 4684 478 4738 Mortuus
492 4695 529 4737 ert
543 4694 645 4754 propter
665 4687 757 4739 delicta
770 4697 868 4752 nostra,
888 4698 912 4740 et

121 4779 264 4832 resurrexit
285 4787 386 4848 propter
396 4777 604 4848 jurtipicntionern
618 4787 730 4830 trustram
751 4777 841 4849 (liunt.
862 4779 910 4850 tr).

125 4871 203 4936 Quod
217 4873 274 4938 ipso
284 4885 390 4938 ououue
400 4877 499 4923 statum
516 4869 643 4937 temporis
657 4870 727 4938 qnod
739 4871 779 4930 rel
791 4881 911 4927 mortuus

123 4971 165 5013 est
190 4961 216 5013 in
240 4974 329 5024 eruce,
353 4959 395 5013 rel
419 4973 434 5012 a
459 4961 570 5012 rnortuis
594 4961 756 5028 resurrexit,
784 4962 910 5016 ostendit.

125 5047 203 5103 Circa
219 5050 312 5102 ltoram
328 5051 427 5118 qttippe
440 5063 620 5112 oenomaum
637 5050 761 5105 inclinata
774 5051 829 5120 jam
840 5062 913 5108 esset

124 5142 157 5193 ad
173 5155 314 5208 vesperam
326 5141 393 5204 dies,
410 5150 437 5194 ιι
452 5141 597 5206 tepefactus
612 5154 627 5194 a
647 5141 794 5196 meridiano
808 5142 912 5199 {errore

125 5231 215 5283 radius
239 5231 326 5294 solis,
355 5230 510 5301 mysterium
534 5229 758 5285 victoriosissimas
782 5232 912 5300 passionis

126 5324 322 5376 consummarit
356 5323 494 5376 eritlenter
510 5335 540 5375 se
559 5321 697 5374 insinuans
718 5321 913 5390 protttrraule·

127 5410 207 5465 reoda
222 5413 335 5479 scelera,
352 5413 476 5483 quibusn
498 5411 586 5464 diuina
602 5411 661 5466 lnce
681 5421 708 5464 et
730 5411 873 5465 dilectione
886 5412 912 5465 in

126 5500 205 5568 btrjus
219 5512 332 5555 mortem
349 5502 571 5570 peregrinationis
592 5500 744 5563 incidimus,
759 5500 845 5554 crocis
863 5516 914 5556 su-

125 5591 198 5644 bisse
213 5589 372 5659 patibulum.
388 5589 510 5645 Sttrrerit
525 5605 603 5644 mane
618 5593 702 5659 prima
719 5590 838 5653 sabbati,
853 5605 913 5660 quae

125 5699 196 5738 ttune
219 5683 278 5740 dies
301 5683 436 5739 Dominica
461 5694 579 5746 uocatur,
603 5682 743 5738 ntanileste
766 5683 864 5738 tloccns
883 5698 914 5740 se

925 3474 947 3534 C
963 3489 1011 3528 nos
1025 3489 1039 3527 a
1054 3482 1141 3529 morte
1155 3474 1250 3529 animae
1264 3475 1494 3545 resuscitaturum,
1511 3488 1537 3535 ιι
1553 3481 1578 3534 in
1594 3481 1677 3536 lucem
1691 3501 1749 3553 prr·

963 3575 1049 3635 petnae
1077 3567 1210 3622 felicitatis
1236 3581 1296 3621 esse
1321 3569 1519 3636 perducturum.
1548 3571 1599 3625 Sed
1625 3581 1652 3626 ιι
1679 3575 1751 3630 aliud

962 3656 1039 3710 nobis
1052 3657 1225 3712 memorabile
1238 3659 1393 3726 mysterium
1408 3668 1527 3727 ternpore
1537 3676 1592 3714 suae
1607 3664 1750 3731 passionis,

961 3749 1104 3815 sepulture
1119 3759 1146 3801 ιι
1166 3748 1370 3802 resurrectionis
1394 3749 1517 3804 intimare
1536 3757 1648 3808 curarit.
1670 3757 1752 3811 Sexte

962 3838 1059 3908 quippe
1083 3839 1147 3892 leria
1166 3837 1309 3893 cruciltrus
1328 3848 1379 3902 est,
1401 3839 1517 3894 Sabbata
1539 3841 1641 3909 quierit
1665 3843 1691 3896 in
1706 3859 1751 3898 se·

963 3933 1066 4001 pulcro,
1083 3931 1220 3986 Dorninica
1246 3931 1392 3986 resurrexit
1414 3945 1429 3984 a
1453 3933 1577 3996 mortuis,
1598 3934 1751 4002 significans

962 4023 1053 4078 electis
1068 4024 1122 4077 suis
1137 4036 1184 4091 per
1203 4037 1250 4077 sex
1272 4022 1351 4090 buius
1367 4023 1455 4077 saecnb
1471 4031 1576 4088 aetates,
1599 4025 1668 4078 inter
1683 4029 1752 4091 perl-

962 4114 1021 4166 cula
1039 4112 1253 4179 persecutionum
1269 4111 1346 4165 bonis
1361 4112 1488 4180 operibus
1514 4114 1700 4168 lrtsndartdutu.
1722 4115 1752 4170 Ιιι

962 4203 1013 4257 alia
1029 4213 1119 4256 autem
1134 4202 1187 4256 rita
1201 4202 1276 4271 quasi
1301 4203 1327 4254 in
1348 4201 1465 4255 Sabbata
1486 4215 1611 4269 perpetuo
1632 4207 1752 4273 requierit
1785 4201 1788 4206 ’

962 4294 1110 4348 animarum
1130 4294 1287 4362 sperandam
1303 4312 1309 4348 :
1327 4309 1405 4361 porro
1425 4295 1452 4347 in
1473 4293 1516 4346 die
1528 4294 1618 4361 judicit
1634 4297 1710 4362 euasi
1725 4298 1751 4352 in

962 4386 1006 4440 die
1021 4385 1172 4454 Dominica,
1188 4402 1330 4455 corporum
1344 4401 1449 4454 quoque
1463 4386 1651 4440 immortalium
1674 4403 1749 4442 rece-

963 4479 1081 4548 ptionem
1092 4494 1153 4534 esse
1164 4479 1362 4544 celebrandam,
1375 4479 1400 4532 in
1414 4479 1508 4546 qulbus
1519 4480 1644 4548 deinceps
1655 4481 1752 4536 animas

962 4584 1078 4637 superno
1093 4568 1188 4640 gaudio
1211 4571 1270 4625 sine
1294 4571 1346 4624 llnc
1369 4569 1501 4623 fruantur.
1523 4568 1598 4635 Quod
1618 4576 1706 4623 autern
1723 4569 1750 4624 ln

962 4660 1077 4714 lectione
1091 4660 1240 4729 evangelica
1256 4660 1354 4714 dictum
1370 4669 1421 4723 est,
1435 4662 1495 4727 quia
1510 4672 1609 4712 sanctae
1624 4658 1751 4716 mulieres

964 4765 1074 4818 uespere
1092 4750 1286 4817 sabbatinum
1307 4750 1415 4803 lucescit
1430 4750 1455 4802 in
1472 4749 1554 4816 prima
1568 4747 1687 4811 sabbati,
1703 4766 1750 4804 ve-

927 4835 1052 4897 Dnerint
1065 4841 1131 4914 [nt.
1146 4837 1286 4909 venerunt]
1309 4839 1398 4894 ridere
1420 4839 1583 4905 sepulcrum,
1601 4839 1634 4892 ita
1651 4841 1751 4894 intelli·

961 4931 1075 5001 gendnnt
1091 4942 1131 4985 est
1146 4948 1153 4983 ε
1167 4932 1226 5001 quia
1243 4944 1353 4998 vespere
1376 4930 1481 4998 quidem
1499 4932 1592 4985 rtrolre
1616 4931 1749 4999 coeperint

962 5024 1029 5096 litt,
1053 5021 1211 5094 coeperunr]‚
1236 5025 1282 5077 sed
1309 5023 1460 5077 lucescente
1488 5039 1565 5077 ruane
1591 5023 1751 5093 inprimant

963 5114 1072 5170 Sabbati
1096 5113 1128 5166 ad
1143 5113 1295 5181 sepulerum
1312 5123 1502 5179 pervenerunt,
1518 5113 1544 5166 id
1564 5122 1615 5178 est,
1639 5127 1752 5181 uespere

962 5215 1080 5259 arnrnata
1097 5214 1265 5273 paraverunt,
1282 5206 1378 5275 quibus
1402 5220 1500 5275 corpus
1522 5205 1627 5260 Domini
1650 5222 1751 5274 ungere

965 5299 1166 5367 desiderabant,
1181 5301 1228 5354 sed
1245 5309 1334 5367 parata
1357 5314 1467 5367 vespere
1487 5310 1605 5352 aromata
1625 5314 1701 5351 ntarte
1715 5297 1748 5351 ad

963 5390 1115 5457 sepulcrum
1140 5390 1283 5444 detulerint
1304 5390 1370 5464 [.ll.,
1393 5385 1566 5458 detulerunt].
1589 5388 1664 5452 Duod
1684 5387 1751 5441 llat-

964 5482 1049 5534 tltrus
1063 5480 1170 5548 quidem
1187 5482 1323 5536 breuitatis
1337 5495 1417 5535 causa
1433 5480 1571 5532 obscurius
1588 5478 1684 5544 posuit,
1701 5477 1748 5531 sed

964 5571 1008 5625 alii
1031 5571 1202 5638 evangeliste
1227 5585 1279 5640 qno
1301 5571 1396 5625 orline
1419 5570 1454 5623 sit
1478 5567 1574 5621 lactum
1602 5567 1753 5621 euidentius

965 5663 1117 5718 ostendunt.
1135 5661 1243 5732 Sepulto
1259 5675 1372 5730 natuque
1393 5671 1468 5715 serta
1488 5656 1552 5712 leria
1569 5655 1692 5720 Domino,
1709 5669 1752 5710 re-
