<?xml version="1.0" encoding="UTF-8"?>
<!DOCTYPE html PUBLIC "-//W3C//DTD XHTML 1.0 Transitional//EN"
    "http://www.w3.org/TR/xhtml1/DTD/xhtml1-transitional.dtd">
<html xmlns="http://www.w3.org/1999/xhtml" xml:lang="en" lang="en">
 <head>
  <title>
</title>
<meta http-equiv="Content-Type" content="text/html;charset=utf-8" />
  <meta name='ocr-system' content='tesseract 3.04.00' />
  <meta name='ocr-capabilities' content='ocr_page ocr_carea ocr_par ocr_line ocrx_word'/>
</head>
<body>
  <div class='ocr_page' id='page_1' title='image "./patrologiaecurs63unkngoog_0040.png"; bbox 0 0 3802 6126; ppageno 0'>
   <div class='ocr_carea' id='block_1_1' title="bbox 166 222 1799 321">
    <p class='ocr_par' dir='ltr' id='par_1_1' title="bbox 166 222 1799 321">
     <span class='ocr_line' id='line_1_1' title="bbox 166 222 1799 321; baseline -0.012 0"><span class='ocrx_word' id='word_1_1' title='bbox 166 266 198 321; x_wconf 88' lang='lat' dir='ltr'><strong>&#39;lt</strong></span> <span class='ocrx_word' id='word_1_2' title='bbox 396 222 401 231; x_wconf 20' lang='grc' dir='ltr'><strong><em>μ</em></strong></span> <span class='ocrx_word' id='word_1_3' title='bbox 520 259 623 316; x_wconf 76' lang='lat' dir='ltr'><strong>babis</strong></span> <span class='ocrx_word' id='word_1_4' title='bbox 646 254 871 314; x_wconf 66' lang='lat' dir='ltr'><strong>testrhnbltts</strong></span> <span class='ocrx_word' id='word_1_5' title='bbox 890 253 964 308; x_wconf 78' lang='lat' dir='ltr'><strong>orb.</strong></span> <span class='ocrx_word' id='word_1_6' title='bbox 987 250 1073 308; x_wconf 74' lang='lat' dir='ltr'><strong>PARS</strong></span> <span class='ocrx_word' id='word_1_7' title='bbox 1092 253 1132 306; x_wconf 84' lang='grc' dir='ltr'>ΙΙΙ.</span> <span class='ocrx_word' id='word_1_8' title='bbox 1155 279 1192 293; x_wconf 82' lang='grc'>-</span> <span class='ocrx_word' id='word_1_9' title='bbox 1213 246 1456 304; x_wconf 65' lang='lat' dir='ltr'><strong>standands.</strong></span> <span class='ocrx_word' id='word_1_10' title='bbox 1764 247 1799 302; x_wconf 68' lang='lat' dir='ltr'><strong>&#39;ii</strong></span> 
     </span>
    </p>
   </div>
   <div class='ocr_carea' id='block_1_2' title="bbox 163 359 1863 5720">
    <p class='ocr_par' dir='ltr' id='par_1_2' title="bbox 163 359 1863 5720">
     <span class='ocr_line' id='line_1_2' title="bbox 169 359 1799 441; baseline -0.008 -8"><span class='ocrx_word' id='word_1_11' title='bbox 169 391 218 433; x_wconf 91' lang='lat' dir='ltr'><strong>nas</strong></span> <span class='ocrx_word' id='word_1_12' title='bbox 233 374 293 431; x_wconf 87' lang='lat' dir='ltr'><strong>luit.</strong></span> <span class='ocrx_word' id='word_1_13' title='bbox 306 372 463 441; x_wconf 79' lang='lat' dir='ltr'><strong>Quicunque</strong></span> <span class='ocrx_word' id='word_1_14' title='bbox 482 368 523 425; x_wconf 92' lang='lat' dir='ltr'><strong>his</strong></span> <span class='ocrx_word' id='word_1_15' title='bbox 546 370 644 424; x_wconf 90' lang='lat' dir='ltr'><strong>auditis</strong></span> <span class='ocrx_word' id='word_1_16' title='bbox 660 375 782 422; x_wconf 90' lang='lat' dir='ltr'><strong>tuctuuut</strong></span> <span class='ocrx_word' id='word_1_17' title='bbox 795 379 856 419; x_wconf 92' lang='lat' dir='ltr'><strong>cum</strong></span> <span class='ocrx_word' id='word_1_18' title='bbox 871 361 959 430; x_wconf 79' lang='lat' dir='ltr'><strong>impiis</strong></span> <span class='ocrx_word' id='word_1_19' title='bbox 973 365 997 423; x_wconf 73' lang='grc' dir='ltr'><strong>Α</strong></span> <span class='ocrx_word' id='word_1_20' title='bbox 1011 364 1057 426; x_wconf 87' lang='lat' dir='ltr'><strong>rit,</strong></span> <span class='ocrx_word' id='word_1_21' title='bbox 1072 363 1177 417; x_wconf 90' lang='lat' dir='ltr'><strong>illorum</strong></span> <span class='ocrx_word' id='word_1_22' title='bbox 1190 362 1224 415; x_wconf 94' lang='lat' dir='ltr'><strong>ob</strong></span> <span class='ocrx_word' id='word_1_23' title='bbox 1240 361 1388 430; x_wconf 74' lang='lat' dir='ltr'><strong>mundium,</strong></span> <span class='ocrx_word' id='word_1_24' title='bbox 1404 371 1431 415; x_wconf 87' lang='lat' dir='ltr'><strong>ct</strong></span> <span class='ocrx_word' id='word_1_25' title='bbox 1446 359 1553 415; x_wconf 87' lang='lat' dir='ltr'><strong>carnale</strong></span> <span class='ocrx_word' id='word_1_26' title='bbox 1563 360 1642 417; x_wconf 92' lang='lat' dir='ltr'><strong>simul</strong></span> <span class='ocrx_word' id='word_1_27' title='bbox 1656 363 1799 433; x_wconf 85' lang='lat' dir='ltr'><strong>imperium</strong></span> 
     </span>
     <span class='ocr_line' id='line_1_3' title="bbox 169 451 1801 533; baseline -0.006 -12"><span class='ocrx_word' id='word_1_28' title='bbox 169 464 303 531; x_wconf 86' lang='lat' dir='ltr'><strong>damnari,</strong></span> <span class='ocrx_word' id='word_1_29' title='bbox 319 463 459 533; x_wconf 90' lang='lat' dir='ltr'><strong>cupientes</strong></span> <span class='ocrx_word' id='word_1_30' title='bbox 472 461 594 516; x_wconf 83' lang='lat' dir='ltr'><strong>benedici</strong></span> <span class='ocrx_word' id='word_1_31' title='bbox 606 475 665 515; x_wconf 90' lang='lat' dir='ltr'><strong>curu</strong></span> <span class='ocrx_word' id='word_1_32' title='bbox 681 461 742 528; x_wconf 84' lang='lat' dir='ltr'><strong>qtiis,</strong></span> <span class='ocrx_word' id='word_1_33' title='bbox 755 457 875 510; x_wconf 89' lang='lat' dir='ltr'><strong>amnium</strong></span> <span class='ocrx_word' id='word_1_34' title='bbox 887 453 961 509; x_wconf 92' lang='lat' dir='ltr'><strong>odio·</strong></span> <span class='ocrx_word' id='word_1_35' title='bbox 1011 463 1040 510; x_wconf 88' lang='lat' dir='ltr'><strong>et</strong></span> <span class='ocrx_word' id='word_1_36' title='bbox 1062 451 1201 522; x_wconf 74' lang='lat' dir='ltr'><strong>spirituale</strong></span> <span class='ocrx_word' id='word_1_37' title='bbox 1218 451 1392 517; x_wconf 87' lang='lat' dir='ltr'><strong>destructum,</strong></span> <span class='ocrx_word' id='word_1_38' title='bbox 1408 451 1507 506; x_wconf 85' lang='lat' dir='ltr'><strong>Christi</strong></span> <span class='ocrx_word' id='word_1_39' title='bbox 1529 464 1618 508; x_wconf 88' lang='lat' dir='ltr'><strong>autem</strong></span> <span class='ocrx_word' id='word_1_40' title='bbox 1632 465 1658 510; x_wconf 89' lang='lat' dir='ltr'><strong>et</strong></span> <span class='ocrx_word' id='word_1_41' title='bbox 1673 455 1801 511; x_wconf 73' lang='lat' dir='ltr'><strong>Ecclesia</strong></span> 
     </span>
     <span class='ocr_line' id='line_1_4' title="bbox 170 544 1799 626; baseline -0.01 -8"><span class='ocrx_word' id='word_1_42' title='bbox 170 577 230 619; x_wconf 86' lang='lat' dir='ltr'><strong>rum</strong></span> <span class='ocrx_word' id='word_1_43' title='bbox 244 570 273 618; x_wconf 87' lang='lat' dir='ltr'><strong>et</strong></span> <span class='ocrx_word' id='word_1_44' title='bbox 285 559 392 614; x_wconf 73' lang='lat' dir='ltr'><strong>inuidiae</strong></span> <span class='ocrx_word' id='word_1_45' title='bbox 416 558 535 612; x_wconf 90' lang='lat' dir='ltr'><strong>inmitem</strong></span> <span class='ocrx_word' id='word_1_46' title='bbox 550 554 690 626; x_wconf 85' lang='lat' dir='ltr'><strong>abjiciunt,</strong></span> <span class='ocrx_word' id='word_1_47' title='bbox 715 552 770 607; x_wconf 87' lang='lat' dir='ltr'><strong>beo</strong></span> <span class='ocrx_word' id='word_1_48' title='bbox 791 550 897 620; x_wconf 88' lang='lat' dir='ltr'><strong>placere</strong></span> <span class='ocrx_word' id='word_1_49' title='bbox 913 563 961 617; x_wconf 88' lang='lat' dir='ltr'><strong>per</strong></span> <span class='ocrx_word' id='word_1_50' title='bbox 1012 558 1124 612; x_wconf 87' lang='lat' dir='ltr'><strong>reguum</strong></span> <span class='ocrx_word' id='word_1_51' title='bbox 1139 557 1245 610; x_wconf 87' lang='lat' dir='ltr'><strong>scmpsr</strong></span> <span class='ocrx_word' id='word_1_52' title='bbox 1255 555 1315 599; x_wconf 84' lang='lat' dir='ltr'><strong>csse</strong></span> <span class='ocrx_word' id='word_1_53' title='bbox 1326 556 1490 609; x_wconf 88' lang='lat' dir='ltr'><strong>mansurum,</strong></span> <span class='ocrx_word' id='word_1_54' title='bbox 1503 544 1627 614; x_wconf 89' lang='lat' dir='ltr'><strong>poculum</strong></span> <span class='ocrx_word' id='word_1_55' title='bbox 1639 546 1731 617; x_wconf 79' lang='lat' dir='ltr'><strong>utique</strong></span> <span class='ocrx_word' id='word_1_56' title='bbox 1746 549 1799 601; x_wconf 84' lang='lat' dir='ltr'><strong>rim</strong></span> 
     </span>
     <span class='ocr_line' id='line_1_5' title="bbox 168 633 1802 719; baseline -0.009 -11"><span class='ocrx_word' id='word_1_57' title='bbox 168 650 328 708; x_wconf 79' lang='lat' dir='ltr'><strong>sacrificium</strong></span> <span class='ocrx_word' id='word_1_58' title='bbox 340 648 463 719; x_wconf 74' lang='lat' dir='ltr'><strong>iustitia,</strong></span> <span class='ocrx_word' id='word_1_59' title='bbox 475 646 623 707; x_wconf 78' lang='lat' dir='ltr'><strong>modestiae,</strong></span> <span class='ocrx_word' id='word_1_60' title='bbox 637 641 797 696; x_wconf 80' lang='lat' dir='ltr'><strong>innocentiae</strong></span> <span class='ocrx_word' id='word_1_61' title='bbox 808 653 840 694; x_wconf 90' lang='lat' dir='ltr'><strong>ac</strong></span> <span class='ocrx_word' id='word_1_62' title='bbox 854 639 962 707; x_wconf 89' lang='lat' dir='ltr'><strong>patien-</strong></span> <span class='ocrx_word' id='word_1_63' title='bbox 1012 635 1046 689; x_wconf 89' lang='lat' dir='ltr'><strong>de</strong></span> <span class='ocrx_word' id='word_1_64' title='bbox 1061 648 1129 703; x_wconf 69' lang='lat' dir='ltr'><strong>acqua</strong></span> <span class='ocrx_word' id='word_1_65' title='bbox 1145 633 1242 688; x_wconf 88' lang='lat' dir='ltr'><strong>lactum</strong></span> <span class='ocrx_word' id='word_1_66' title='bbox 1265 635 1379 698; x_wconf 88' lang='lat' dir='ltr'><strong>sentiet;</strong></span> <span class='ocrx_word' id='word_1_67' title='bbox 1393 634 1456 704; x_wconf 86' lang='lat' dir='ltr'><strong>quia</strong></span> <span class='ocrx_word' id='word_1_68' title='bbox 1470 650 1501 690; x_wconf 88' lang='lat' dir='ltr'><strong>se</strong></span> <span class='ocrx_word' id='word_1_69' title='bbox 1523 649 1653 706; x_wconf 88' lang='lat' dir='ltr'><strong>suantque</strong></span> <span class='ocrx_word' id='word_1_70' title='bbox 1678 642 1757 693; x_wconf 83' lang='lat' dir='ltr'><strong>sitam</strong></span> <span class='ocrx_word' id='word_1_71' title='bbox 1774 651 1802 694; x_wconf 90' lang='lat' dir='ltr'><strong>ct</strong></span> 
     </span>
     <span class='ocr_line' id='line_1_6' title="bbox 170 725 1803 810; baseline -0.008 -11"><span class='ocrx_word' id='word_1_72' title='bbox 170 746 391 810; x_wconf 64' lang='lat' dir='ltr'><strong>trasumenus</strong></span> <span class='ocrx_word' id='word_1_73' title='bbox 411 739 518 809; x_wconf 90' lang='lat' dir='ltr'><strong>plenum</strong></span> <span class='ocrx_word' id='word_1_74' title='bbox 534 749 603 804; x_wconf 91' lang='lat' dir='ltr'><strong>aqua</strong></span> <span class='ocrx_word' id='word_1_75' title='bbox 618 735 643 788; x_wconf 92' lang='lat' dir='ltr'><strong>in</strong></span> <span class='ocrx_word' id='word_1_76' title='bbox 659 731 796 801; x_wconf 84' lang='lat' dir='ltr'><strong>Scriptura</strong></span> <span class='ocrx_word' id='word_1_77' title='bbox 811 729 960 793; x_wconf 83' lang='lat' dir='ltr'><strong>inveniunt,</strong></span> <span class='ocrx_word' id='word_1_78' title='bbox 1011 740 1135 793; x_wconf 89' lang='lat' dir='ltr'><strong>regnum,</strong></span> <span class='ocrx_word' id='word_1_79' title='bbox 1155 725 1204 780; x_wconf 88' lang='lat' dir='ltr'><strong>sed</strong></span> <span class='ocrx_word' id='word_1_80' title='bbox 1227 735 1253 778; x_wconf 88' lang='lat' dir='ltr'><strong>et</strong></span> <span class='ocrx_word' id='word_1_81' title='bbox 1275 725 1360 792; x_wconf 90' lang='lat' dir='ltr'><strong>ipsum</strong></span> <span class='ocrx_word' id='word_1_82' title='bbox 1388 741 1476 795; x_wconf 89' lang='lat' dir='ltr'><strong>regem</strong></span> <span class='ocrx_word' id='word_1_83' title='bbox 1501 726 1537 780; x_wconf 93' lang='lat' dir='ltr'><strong>ibi</strong></span> <span class='ocrx_word' id='word_1_84' title='bbox 1560 729 1690 796; x_wconf 92' lang='lat' dir='ltr'><strong>scriptum</strong></span> <span class='ocrx_word' id='word_1_85' title='bbox 1714 731 1803 801; x_wconf 87' lang='lat' dir='ltr'><strong>legere</strong></span> 
     </span>
     <span class='ocr_line' id='line_1_7' title="bbox 169 816 1802 894; baseline -0.007 -5"><span class='ocrx_word' id='word_1_86' title='bbox 169 834 242 889; x_wconf 84' lang='lat' dir='ltr'><strong>uarie</strong></span> <span class='ocrx_word' id='word_1_87' title='bbox 264 833 407 886; x_wconf 90' lang='lat' dir='ltr'><strong>salubriter</strong></span> <span class='ocrx_word' id='word_1_88' title='bbox 430 827 514 882; x_wconf 90' lang='lat' dir='ltr'><strong>abluti</strong></span> <span class='ocrx_word' id='word_1_89' title='bbox 541 824 677 894; x_wconf 89' lang='lat' dir='ltr'><strong>potatique</strong></span> <span class='ocrx_word' id='word_1_90' title='bbox 700 821 845 893; x_wconf 84' lang='lat' dir='ltr'><strong>gatrdeaut.</strong></span> <span class='ocrx_word' id='word_1_91' title='bbox 866 818 919 874; x_wconf 84' lang='lat' dir='ltr'><strong>Sed</strong></span> <span class='ocrx_word' id='word_1_92' title='bbox 938 818 960 872; x_wconf 91' lang='lat' dir='ltr'><strong>si</strong></span> <span class='ocrx_word' id='word_1_93' title='bbox 1013 818 1098 882; x_wconf 88' lang='lat' dir='ltr'><strong>norit,</strong></span> <span class='ocrx_word' id='word_1_94' title='bbox 1114 816 1158 870; x_wconf 91' lang='lat' dir='ltr'><strong>ubi</strong></span> <span class='ocrx_word' id='word_1_95' title='bbox 1173 817 1246 884; x_wconf 91' lang='lat' dir='ltr'><strong>prius</strong></span> <span class='ocrx_word' id='word_1_96' title='bbox 1260 817 1333 885; x_wconf 89' lang='lat' dir='ltr'><strong>quasi</strong></span> <span class='ocrx_word' id='word_1_97' title='bbox 1349 816 1383 872; x_wconf 89' lang='lat' dir='ltr'><strong>de</strong></span> <span class='ocrx_word' id='word_1_98' title='bbox 1395 819 1455 874; x_wconf 87' lang='lat' dir='ltr'><strong>aliis</strong></span> <span class='ocrx_word' id='word_1_99' title='bbox 1467 829 1586 874; x_wconf 83' lang='lat' dir='ltr'><strong>veterem</strong></span> <span class='ocrx_word' id='word_1_100' title='bbox 1601 820 1702 890; x_wconf 87' lang='lat' dir='ltr'><strong>legebat</strong></span> <span class='ocrx_word' id='word_1_101' title='bbox 1716 823 1802 878; x_wconf 90' lang='lat' dir='ltr'><strong>bistu-</strong></span> 
     </span>
     <span class='ocr_line' id='line_1_8' title="bbox 169 907 1803 981; baseline -0.006 -2"><span class='ocrx_word' id='word_1_102' title='bbox 169 917 430 979; x_wconf 80' lang='lat' dir='ltr'><strong>intellexerintCain</strong></span> <span class='ocrx_word' id='word_1_103' title='bbox 447 914 607 970; x_wconf 86' lang='lat' dir='ltr'><strong>homicidam</strong></span> <span class='ocrx_word' id='word_1_104' title='bbox 628 911 780 969; x_wconf 74' lang='lat' dir='ltr'><strong>iudeorum</strong></span> <span class='ocrx_word' id='word_1_105' title='bbox 801 924 863 964; x_wconf 89' lang='lat' dir='ltr'><strong>esse</strong></span> <span class='ocrx_word' id='word_1_106' title='bbox 883 909 962 977; x_wconf 89' lang='lat' dir='ltr'><strong>perti·</strong></span> <span class='ocrx_word' id='word_1_107' title='bbox 1012 907 1091 963; x_wconf 85' lang='lat' dir='ltr'><strong>riam.</strong></span> <span class='ocrx_word' id='word_1_108' title='bbox 1107 907 1205 972; x_wconf 74' lang='lat' dir='ltr'><strong>Quittta</strong></span> <span class='ocrx_word' id='word_1_109' title='bbox 1221 916 1299 962; x_wconf 83' lang='lat' dir='ltr'><strong>aetate</strong></span> <span class='ocrx_word' id='word_1_110' title='bbox 1319 909 1410 964; x_wconf 77' lang='lat' dir='ltr'><strong>saculi</strong></span> <span class='ocrx_word' id='word_1_111' title='bbox 1435 911 1549 979; x_wconf 91' lang='lat' dir='ltr'><strong>populus</strong></span> <span class='ocrx_word' id='word_1_112' title='bbox 1572 927 1696 980; x_wconf 85' lang='lat' dir='ltr'><strong>peccans,</strong></span> <span class='ocrx_word' id='word_1_113' title='bbox 1718 918 1803 981; x_wconf 88' lang='lat' dir='ltr'><strong>capti·</strong></span> 
     </span>
     <span class='ocr_line' id='line_1_9' title="bbox 169 998 1800 1081; baseline -0.003 -12"><span class='ocrx_word' id='word_1_114' title='bbox 169 1015 253 1081; x_wconf 92' lang='lat' dir='ltr'><strong>diam,</strong></span> <span class='ocrx_word' id='word_1_115' title='bbox 268 1011 431 1066; x_wconf 87' lang='lat' dir='ltr'><strong>occisionem</strong></span> <span class='ocrx_word' id='word_1_116' title='bbox 456 1006 522 1062; x_wconf 74' lang='lat' dir='ltr'><strong>Abel</strong></span> <span class='ocrx_word' id='word_1_117' title='bbox 547 1005 697 1074; x_wconf 74' lang='lat' dir='ltr'><strong>puscionem</strong></span> <span class='ocrx_word' id='word_1_118' title='bbox 721 1016 781 1057; x_wconf 88' lang='lat' dir='ltr'><strong>esse</strong></span> <span class='ocrx_word' id='word_1_119' title='bbox 803 998 960 1062; x_wconf 83' lang='lat' dir='ltr'><strong>Salvatoria,</strong></span> <span class='ocrx_word' id='word_1_120' title='bbox 1013 1007 1093 1053; x_wconf 83' lang='lat' dir='ltr'><strong>rarrte</strong></span> <span class='ocrx_word' id='word_1_121' title='bbox 1106 998 1364 1067; x_wconf 86' lang='lat' dir='ltr'><strong>Nabuchodonosor,</strong></span> <span class='ocrx_word' id='word_1_122' title='bbox 1381 1002 1408 1055; x_wconf 92' lang='lat' dir='ltr'><strong>in</strong></span> <span class='ocrx_word' id='word_1_123' title='bbox 1421 1003 1593 1074; x_wconf 78' lang='lat' dir='ltr'><strong>babyloniam</strong></span> <span class='ocrx_word' id='word_1_124' title='bbox 1610 1009 1800 1078; x_wconf 88' lang='lat' dir='ltr'><strong>transmigrat:</strong></span> 
     </span>
     <span class='ocr_line' id='line_1_10' title="bbox 170 1089 1802 1169; baseline -0.004 -11"><span class='ocrx_word' id='word_1_125' title='bbox 170 1114 268 1158; x_wconf 89' lang='lat' dir='ltr'><strong>terram</strong></span> <span class='ocrx_word' id='word_1_126' title='bbox 289 1115 349 1169; x_wconf 74' lang='lat' dir='ltr'><strong>quse</strong></span> <span class='ocrx_word' id='word_1_127' title='bbox 370 1099 475 1167; x_wconf 89' lang='lat' dir='ltr'><strong>aperuit</strong></span> <span class='ocrx_word' id='word_1_128' title='bbox 489 1110 521 1151; x_wconf 92' lang='lat' dir='ltr'><strong>os</strong></span> <span class='ocrx_word' id='word_1_129' title='bbox 539 1110 627 1158; x_wconf 84' lang='lat' dir='ltr'><strong>strum,</strong></span> <span class='ocrx_word' id='word_1_130' title='bbox 648 1102 675 1148; x_wconf 88' lang='lat' dir='ltr'><strong>et</strong></span> <span class='ocrx_word' id='word_1_131' title='bbox 698 1091 814 1160; x_wconf 90' lang='lat' dir='ltr'><strong>suscepit</strong></span> <span class='ocrx_word' id='word_1_132' title='bbox 829 1089 887 1159; x_wconf 76' lang='lat' dir='ltr'><strong>cius</strong></span> <span class='ocrx_word' id='word_1_133' title='bbox 900 1102 963 1142; x_wconf 90' lang='lat' dir='ltr'><strong>san·</strong></span> <span class='ocrx_word' id='word_1_134' title='bbox 1012 1089 1060 1143; x_wconf 90' lang='lat' dir='ltr'><strong>sed</strong></span> <span class='ocrx_word' id='word_1_135' title='bbox 1076 1099 1137 1158; x_wconf 90' lang='lat' dir='ltr'><strong>post</strong></span> <span class='ocrx_word' id='word_1_136' title='bbox 1151 1091 1319 1159; x_wconf 72' lang='lat' dir='ltr'><strong>septuaginta</strong></span> <span class='ocrx_word' id='word_1_137' title='bbox 1341 1105 1427 1147; x_wconf 81' lang='lat' dir='ltr'><strong>auum</strong></span> <span class='ocrx_word' id='word_1_138' title='bbox 1450 1094 1582 1161; x_wconf 88' lang='lat' dir='ltr'><strong>poeuitens</strong></span> <span class='ocrx_word' id='word_1_139' title='bbox 1602 1105 1631 1150; x_wconf 89' lang='lat' dir='ltr'><strong>et</strong></span> <span class='ocrx_word' id='word_1_140' title='bbox 1653 1109 1802 1167; x_wconf 90' lang='lat' dir='ltr'><strong>correctus,</strong></span> 
     </span>
     <span class='ocr_line' id='line_1_11' title="bbox 171 1180 1863 1266; baseline -0.002 -17"><span class='ocrx_word' id='word_1_141' title='bbox 171 1197 277 1266; x_wconf 84' lang='lat' dir='ltr'><strong>guinem</strong></span> <span class='ocrx_word' id='word_1_142' title='bbox 292 1192 326 1246; x_wconf 85' lang='lat' dir='ltr'><strong>de</strong></span> <span class='ocrx_word' id='word_1_143' title='bbox 339 1206 417 1246; x_wconf 89' lang='lat' dir='ltr'><strong>manu</strong></span> <span class='ocrx_word' id='word_1_144' title='bbox 431 1190 507 1255; x_wconf 88' lang='lat' dir='ltr'><strong>Cain,</strong></span> <span class='ocrx_word' id='word_1_145' title='bbox 523 1188 671 1243; x_wconf 83' lang='lat' dir='ltr'><strong>Ecclesiam</strong></span> <span class='ocrx_word' id='word_1_146' title='bbox 686 1199 757 1250; x_wconf 91' lang='lat' dir='ltr'><strong>csse,</strong></span> <span class='ocrx_word' id='word_1_147' title='bbox 773 1199 832 1253; x_wconf 81' lang='lat' dir='ltr'><strong>quac</strong></span> <span class='ocrx_word' id='word_1_148' title='bbox 847 1181 961 1236; x_wconf 80' lang='lat' dir='ltr'><strong>ebusum</strong></span> <span class='ocrx_word' id='word_1_149' title='bbox 1013 1181 1039 1234; x_wconf 92' lang='lat' dir='ltr'><strong>in</strong></span> <span class='ocrx_word' id='word_1_150' title='bbox 1062 1181 1172 1248; x_wconf 90' lang='lat' dir='ltr'><strong>patriam</strong></span> <span class='ocrx_word' id='word_1_151' title='bbox 1194 1194 1242 1248; x_wconf 82' lang='lat' dir='ltr'><strong>per</strong></span> <span class='ocrx_word' id='word_1_152' title='bbox 1264 1180 1357 1236; x_wconf 83' lang='lat' dir='ltr'><strong>lesum</strong></span> <span class='ocrx_word' id='word_1_153' title='bbox 1377 1183 1543 1239; x_wconf 90' lang='lat' dir='ltr'><strong>sacerdotem</strong></span> <span class='ocrx_word' id='word_1_154' title='bbox 1562 1189 1805 1256; x_wconf 90' lang='lat' dir='ltr'><strong>maguuntreduci·</strong></span> <span class='ocrx_word' id='word_1_155' title='bbox 1860 1228 1863 1233; x_wconf 60' lang='lat'><em>‹</em></span> 
     </span>
     <span class='ocr_line' id='line_1_12' title="bbox 170 1268 1805 1350; baseline -0.003 -10"><span class='ocrx_word' id='word_1_156' title='bbox 170 1301 186 1340; x_wconf 94' lang='lat' dir='ltr'><strong>a</strong></span> <span class='ocrx_word' id='word_1_157' title='bbox 200 1283 300 1340; x_wconf 78' lang='lat' dir='ltr'><strong>ludaris</strong></span> <span class='ocrx_word' id='word_1_158' title='bbox 313 1281 412 1336; x_wconf 85' lang='lat' dir='ltr'><strong>Christi</strong></span> <span class='ocrx_word' id='word_1_159' title='bbox 425 1280 582 1350; x_wconf 86' lang='lat' dir='ltr'><strong>sanguinent</strong></span> <span class='ocrx_word' id='word_1_160' title='bbox 598 1280 625 1332; x_wconf 95' lang='lat' dir='ltr'><strong>in</strong></span> <span class='ocrx_word' id='word_1_161' title='bbox 640 1277 797 1347; x_wconf 79' lang='lat' dir='ltr'><strong>mysterium</strong></span> <span class='ocrx_word' id='word_1_162' title='bbox 813 1289 868 1329; x_wconf 77' lang='lat' dir='ltr'><strong>sue</strong></span> <span class='ocrx_word' id='word_1_163' title='bbox 884 1287 963 1326; x_wconf 88' lang='lat' dir='ltr'><strong>reno·</strong></span> <span class='ocrx_word' id='word_1_164' title='bbox 1015 1278 1068 1334; x_wconf 92' lang='lat' dir='ltr'><strong>tur,</strong></span> <span class='ocrx_word' id='word_1_165' title='bbox 1086 1268 1130 1324; x_wconf 93' lang='lat' dir='ltr'><strong>ubi</strong></span> <span class='ocrx_word' id='word_1_166' title='bbox 1146 1269 1255 1324; x_wconf 81' lang='lat' dir='ltr'><strong>deutrum</strong></span> <span class='ocrx_word' id='word_1_167' title='bbox 1272 1270 1329 1336; x_wconf 88' lang='lat' dir='ltr'><strong>bei,</strong></span> <span class='ocrx_word' id='word_1_168' title='bbox 1346 1287 1404 1340; x_wconf 85' lang='lat' dir='ltr'><strong>quac</strong></span> <span class='ocrx_word' id='word_1_169' title='bbox 1426 1273 1534 1329; x_wconf 90' lang='lat' dir='ltr'><strong>incensa</strong></span> <span class='ocrx_word' id='word_1_170' title='bbox 1555 1286 1607 1343; x_wconf 91' lang='lat' dir='ltr'><strong>est,</strong></span> <span class='ocrx_word' id='word_1_171' title='bbox 1623 1290 1650 1333; x_wconf 92' lang='lat' dir='ltr'><strong>et</strong></span> <span class='ocrx_word' id='word_1_172' title='bbox 1669 1280 1805 1336; x_wconf 85' lang='lat' dir='ltr'><strong>ciuitatem</strong></span> 
     </span>
     <span class='ocr_line' id='line_1_13' title="bbox 163 1362 1806 1445; baseline 0.004 -24"><span class='ocrx_word' id='word_1_173' title='bbox 163 1376 289 1431; x_wconf 68' lang='lat' dir='ltr'><strong>,varronis</strong></span> <span class='ocrx_word' id='word_1_174' title='bbox 301 1375 414 1445; x_wconf 88' lang='lat' dir='ltr'><strong>accepit,</strong></span> <span class='ocrx_word' id='word_1_175' title='bbox 431 1375 557 1427; x_wconf 92' lang='lat' dir='ltr'><strong>nimirum</strong></span> <span class='ocrx_word' id='word_1_176' title='bbox 572 1385 668 1441; x_wconf 90' lang='lat' dir='ltr'><strong>aquarn</strong></span> <span class='ocrx_word' id='word_1_177' title='bbox 685 1372 711 1424; x_wconf 88' lang='lat' dir='ltr'><strong>iu</strong></span> <span class='ocrx_word' id='word_1_178' title='bbox 728 1370 818 1422; x_wconf 85' lang='lat' dir='ltr'><strong>vinum</strong></span> <span class='ocrx_word' id='word_1_179' title='bbox 834 1374 962 1419; x_wconf 76' lang='lat' dir='ltr'><strong>assumtam</strong></span> <span class='ocrx_word' id='word_1_180' title='bbox 1012 1374 1143 1428; x_wconf 86' lang='lat' dir='ltr'><strong>sanctam,</strong></span> <span class='ocrx_word' id='word_1_181' title='bbox 1158 1378 1216 1431; x_wconf 71' lang='lat' dir='ltr'><strong>quse</strong></span> <span class='ocrx_word' id='word_1_182' title='bbox 1231 1362 1367 1419; x_wconf 83' lang='lat' dir='ltr'><strong>destructa</strong></span> <span class='ocrx_word' id='word_1_183' title='bbox 1388 1374 1438 1432; x_wconf 89' lang='lat' dir='ltr'><strong>est,</strong></span> <span class='ocrx_word' id='word_1_184' title='bbox 1455 1367 1608 1423; x_wconf 79' lang='lat' dir='ltr'><strong>restituar.</strong></span> <span class='ocrx_word' id='word_1_185' title='bbox 1632 1371 1693 1426; x_wconf 77' lang='lat' dir='ltr'><strong>llaec</strong></span> <span class='ocrx_word' id='word_1_186' title='bbox 1715 1372 1806 1442; x_wconf 86' lang='lat' dir='ltr'><strong>legens</strong></span> 
     </span>
     <span class='ocr_line' id='line_1_14' title="bbox 170 1453 1806 1534; baseline -0.001 -14"><span class='ocrx_word' id='word_1_187' title='bbox 170 1474 341 1534; x_wconf 89' lang='lat' dir='ltr'><strong>repererunt,</strong></span> <span class='ocrx_word' id='word_1_188' title='bbox 356 1464 417 1533; x_wconf 91' lang='lat' dir='ltr'><strong>qaia</strong></span> <span class='ocrx_word' id='word_1_189' title='bbox 433 1477 516 1516; x_wconf 84' lang='lat' dir='ltr'><strong>sacrae</strong></span> <span class='ocrx_word' id='word_1_190' title='bbox 530 1462 598 1515; x_wconf 91' lang='lat' dir='ltr'><strong>dicta</strong></span> <span class='ocrx_word' id='word_1_191' title='bbox 621 1460 687 1530; x_wconf 79' lang='lat' dir='ltr'><strong>legis</strong></span> <span class='ocrx_word' id='word_1_192' title='bbox 711 1457 841 1512; x_wconf 91' lang='lat' dir='ltr'><strong>sacratius</strong></span> <span class='ocrx_word' id='word_1_193' title='bbox 865 1455 963 1510; x_wconf 87' lang='lat' dir='ltr'><strong>iutelli-</strong></span> <span class='ocrx_word' id='word_1_194' title='bbox 1014 1453 1070 1506; x_wconf 86' lang='lat' dir='ltr'><strong>sire</strong></span> <span class='ocrx_word' id='word_1_195' title='bbox 1085 1454 1198 1508; x_wconf 89' lang='lat' dir='ltr'><strong>audieus</strong></span> <span class='ocrx_word' id='word_1_196' title='bbox 1209 1455 1323 1524; x_wconf 90' lang='lat' dir='ltr'><strong>quisque</strong></span> <span class='ocrx_word' id='word_1_197' title='bbox 1337 1471 1396 1510; x_wconf 93' lang='lat' dir='ltr'><strong>cum</strong></span> <span class='ocrx_word' id='word_1_198' title='bbox 1410 1460 1538 1527; x_wconf 89' lang='lat' dir='ltr'><strong>peccandi</strong></span> <span class='ocrx_word' id='word_1_199' title='bbox 1561 1470 1661 1516; x_wconf 91' lang='lat' dir='ltr'><strong>metum</strong></span> <span class='ocrx_word' id='word_1_200' title='bbox 1683 1464 1806 1531; x_wconf 88' lang='lat' dir='ltr'><strong>corripit,</strong></span> 
     </span>
     <span class='ocr_line' id='line_1_15' title="bbox 169 1544 1807 1627; baseline -0.001 -18"><span class='ocrx_word' id='word_1_201' title='bbox 169 1567 245 1627; x_wconf 89' lang='lat' dir='ltr'><strong>gttnt.</strong></span> <span class='ocrx_word' id='word_1_202' title='bbox 271 1555 393 1610; x_wconf 86' lang='lat' dir='ltr'><strong>Secunda</strong></span> <span class='ocrx_word' id='word_1_203' title='bbox 418 1561 497 1609; x_wconf 81' lang='lat' dir='ltr'><strong>atate</strong></span> <span class='ocrx_word' id='word_1_204' title='bbox 518 1550 609 1606; x_wconf 78' lang='lat' dir='ltr'><strong>saeculi</strong></span> <span class='ocrx_word' id='word_1_205' title='bbox 632 1549 775 1605; x_wconf 83' lang='lat' dir='ltr'><strong>inchoante</strong></span> <span class='ocrx_word' id='word_1_206' title='bbox 796 1547 901 1602; x_wconf 89' lang='lat' dir='ltr'><strong>deletus</strong></span> <span class='ocrx_word' id='word_1_207' title='bbox 922 1553 964 1599; x_wconf 86' lang='lat' dir='ltr'><strong>est</strong></span> <span class='ocrx_word' id='word_1_208' title='bbox 1014 1555 1042 1598; x_wconf 88' lang='lat' dir='ltr'><strong>et</strong></span> <span class='ocrx_word' id='word_1_209' title='bbox 1064 1544 1096 1597; x_wconf 91' lang='lat' dir='ltr'><strong>ad</strong></span> <span class='ocrx_word' id='word_1_210' title='bbox 1121 1545 1267 1612; x_wconf 84' lang='lat' dir='ltr'><strong>poettiteudi</strong></span> <span class='ocrx_word' id='word_1_211' title='bbox 1290 1546 1438 1602; x_wconf 89' lang='lat' dir='ltr'><strong>remedium</strong></span> <span class='ocrx_word' id='word_1_212' title='bbox 1461 1549 1589 1618; x_wconf 86' lang='lat' dir='ltr'><strong>conlegit,</strong></span> <span class='ocrx_word' id='word_1_213' title='bbox 1612 1567 1679 1621; x_wconf 89' lang='lat' dir='ltr'><strong>aqua</strong></span> <span class='ocrx_word' id='word_1_214' title='bbox 1702 1552 1807 1624; x_wconf 80' lang='lat' dir='ltr'><strong>hydriae</strong></span> 
     </span>
     <span class='ocr_line' id='line_1_16' title="bbox 170 1634 1806 1715; baseline -0.002 -16"><span class='ocrx_word' id='word_1_215' title='bbox 170 1646 249 1715; x_wconf 88' lang='lat' dir='ltr'><strong>aquis</strong></span> <span class='ocrx_word' id='word_1_216' title='bbox 263 1643 359 1698; x_wconf 83' lang='lat' dir='ltr'><strong>diluuii</strong></span> <span class='ocrx_word' id='word_1_217' title='bbox 374 1643 488 1698; x_wconf 83' lang='lat' dir='ltr'><strong>rutundus</strong></span> <span class='ocrx_word' id='word_1_218' title='bbox 507 1643 542 1697; x_wconf 92' lang='lat' dir='ltr'><strong>oh</strong></span> <span class='ocrx_word' id='word_1_219' title='bbox 556 1640 765 1712; x_wconf 80' lang='lat' dir='ltr'><strong>magnitudinem</strong></span> <span class='ocrx_word' id='word_1_220' title='bbox 780 1646 961 1709; x_wconf 89' lang='lat' dir='ltr'><strong>peccatorum,</strong></span> <span class='ocrx_word' id='word_1_221' title='bbox 1015 1634 1181 1704; x_wconf 88' lang='lat' dir='ltr'><strong>puriticantis</strong></span> <span class='ocrx_word' id='word_1_222' title='bbox 1204 1635 1311 1690; x_wconf 86' lang='lat' dir='ltr'><strong>ablutus</strong></span> <span class='ocrx_word' id='word_1_223' title='bbox 1329 1645 1380 1691; x_wconf 90' lang='lat' dir='ltr'><strong>est.</strong></span> <span class='ocrx_word' id='word_1_224' title='bbox 1395 1637 1423 1693; x_wconf 83' lang='lat' dir='ltr'><strong>Si</strong></span> <span class='ocrx_word' id='word_1_225' title='bbox 1440 1653 1506 1693; x_wconf 81' lang='lat' dir='ltr'><strong>nero</strong></span> <span class='ocrx_word' id='word_1_226' title='bbox 1520 1638 1667 1709; x_wconf 88' lang='lat' dir='ltr'><strong>intelligere</strong></span> <span class='ocrx_word' id='word_1_227' title='bbox 1684 1640 1806 1698; x_wconf 78' lang='lat' dir='ltr'><strong>discuti</strong></span> 
     </span>
     <span class='ocr_line' id='line_1_17' title="bbox 170 1713 1807 1806; baseline -0.002 -15"><span class='ocrx_word' id='word_1_228' title='bbox 170 1737 218 1791; x_wconf 90' lang='lat' dir='ltr'><strong>sed</strong></span> <span class='ocrx_word' id='word_1_229' title='bbox 233 1737 307 1791; x_wconf 89' lang='lat' dir='ltr'><strong>solua</strong></span> <span class='ocrx_word' id='word_1_230' title='bbox 329 1736 386 1790; x_wconf 87' lang='lat' dir='ltr'><strong>Noe</strong></span> <span class='ocrx_word' id='word_1_231' title='bbox 406 1745 520 1806; x_wconf 89' lang='lat' dir='ltr'><strong>propter</strong></span> <span class='ocrx_word' id='word_1_232' title='bbox 536 1734 666 1804; x_wconf 78' lang='lat' dir='ltr'><strong>iustitiam</strong></span> <span class='ocrx_word' id='word_1_233' title='bbox 689 1742 730 1787; x_wconf 87' lang='lat' dir='ltr'><strong>est</strong></span> <span class='ocrx_word' id='word_1_234' title='bbox 745 1746 807 1786; x_wconf 95' lang='lat' dir='ltr'><strong>cum</strong></span> <span class='ocrx_word' id='word_1_235' title='bbox 821 1730 902 1785; x_wconf 87' lang='lat' dir='ltr'><strong>dumo</strong></span> <span class='ocrx_word' id='word_1_236' title='bbox 915 1743 962 1783; x_wconf 89' lang='lat' dir='ltr'><strong>sua</strong></span> <span class='ocrx_word' id='word_1_237' title='bbox 979 1713 1181 1784; x_wconf 77' lang='lat' dir='ltr'><strong>littterusatem</strong></span> <span class='ocrx_word' id='word_1_238' title='bbox 1202 1741 1229 1785; x_wconf 88' lang='lat' dir='ltr'><strong>et</strong></span> <span class='ocrx_word' id='word_1_239' title='bbox 1250 1730 1378 1798; x_wconf 82' lang='lat' dir='ltr'><strong>templum</strong></span> <span class='ocrx_word' id='word_1_240' title='bbox 1402 1730 1451 1786; x_wconf 90' lang='lat' dir='ltr'><strong>Dei</strong></span> <span class='ocrx_word' id='word_1_241' title='bbox 1474 1733 1618 1790; x_wconf 76' lang='lat' dir='ltr'><strong>Ecclesiam</strong></span> <span class='ocrx_word' id='word_1_242' title='bbox 1632 1733 1740 1800; x_wconf 78' lang='lat' dir='ltr'><strong>Christi,</strong></span> <span class='ocrx_word' id='word_1_243' title='bbox 1759 1735 1807 1788; x_wconf 88' lang='lat' dir='ltr'><strong>ba·</strong></span> 
     </span>
     <span class='ocr_line' id='line_1_18' title="bbox 171 1819 1808 1896; baseline 0 -14"><span class='ocrx_word' id='word_1_244' title='bbox 171 1827 298 1883; x_wconf 91' lang='lat' dir='ltr'><strong>liberatus</strong></span> <span class='ocrx_word' id='word_1_245' title='bbox 314 1829 339 1881; x_wconf 91' lang='lat' dir='ltr'><strong>iu</strong></span> <span class='ocrx_word' id='word_1_246' title='bbox 353 1842 426 1882; x_wconf 88' lang='lat' dir='ltr'><strong>arca.</strong></span> <span class='ocrx_word' id='word_1_247' title='bbox 439 1826 524 1896; x_wconf 73' lang='lat' dir='ltr'><strong>lirqus</strong></span> <span class='ocrx_word' id='word_1_248' title='bbox 536 1827 619 1896; x_wconf 80' lang='lat' dir='ltr'><strong>plagse</strong></span> <span class='ocrx_word' id='word_1_249' title='bbox 634 1823 723 1877; x_wconf 90' lang='lat' dir='ltr'><strong>audita</strong></span> <span class='ocrx_word' id='word_1_250' title='bbox 738 1823 885 1875; x_wconf 79' lang='lat' dir='ltr'><strong>castalione</strong></span> <span class='ocrx_word' id='word_1_251' title='bbox 899 1820 964 1873; x_wconf 90' lang='lat' dir='ltr'><strong>bor·</strong></span> <span class='ocrx_word' id='word_1_252' title='bbox 1014 1819 1140 1891; x_wconf 85' lang='lat' dir='ltr'><strong>byioucm</strong></span> <span class='ocrx_word' id='word_1_253' title='bbox 1155 1821 1339 1876; x_wconf 86' lang='lat' dir='ltr'><strong>cotrhtsiauem</strong></span> <span class='ocrx_word' id='word_1_254' title='bbox 1355 1835 1536 1891; x_wconf 87' lang='lat' dir='ltr'><strong>peccatorum,</strong></span> <span class='ocrx_word' id='word_1_255' title='bbox 1559 1827 1808 1884; x_wconf 72' lang='lat' dir='ltr'><strong>Nabuchodonosor</strong></span> 
     </span>
     <span class='ocr_line' id='line_1_19' title="bbox 170 1910 1805 1988; baseline -0.001 -14"><span class='ocrx_word' id='word_1_256' title='bbox 170 1918 254 1983; x_wconf 85' lang='lat' dir='ltr'><strong>ribili,</strong></span> <span class='ocrx_word' id='word_1_257' title='bbox 279 1934 480 1988; x_wconf 73' lang='lat' dir='ltr'><strong>paucorumque</strong></span> <span class='ocrx_word' id='word_1_258' title='bbox 504 1917 662 1972; x_wconf 89' lang='lat' dir='ltr'><strong>liberatione</strong></span> <span class='ocrx_word' id='word_1_259' title='bbox 682 1913 818 1978; x_wconf 87' lang='lat' dir='ltr'><strong>mirabili,</strong></span> <span class='ocrx_word' id='word_1_260' title='bbox 846 1912 966 1981; x_wconf 74' lang='lat' dir='ltr'><strong>quinquie</strong></span> <span class='ocrx_word' id='word_1_261' title='bbox 1014 1911 1163 1976; x_wconf 88' lang='lat' dir='ltr'><strong>diabolum,</strong></span> <span class='ocrx_word' id='word_1_262' title='bbox 1178 1910 1268 1966; x_wconf 71' lang='lat' dir='ltr'><strong>lesum</strong></span> <span class='ocrx_word' id='word_1_263' title='bbox 1284 1913 1449 1968; x_wconf 76' lang='lat' dir='ltr'><strong>sacerdotem</strong></span> <span class='ocrx_word' id='word_1_264' title='bbox 1467 1931 1603 1985; x_wconf 87' lang='lat' dir='ltr'><strong>uraguum,</strong></span> <span class='ocrx_word' id='word_1_265' title='bbox 1618 1933 1711 1972; x_wconf 86' lang='lat' dir='ltr'><strong>rerum</strong></span> <span class='ocrx_word' id='word_1_266' title='bbox 1725 1930 1805 1973; x_wconf 75' lang='lat' dir='ltr'><strong>ater·</strong></span> 
     </span>
     <span class='ocr_line' id='line_1_20' title="bbox 171 2003 1806 2079; baseline 0.001 -16"><span class='ocrx_word' id='word_1_267' title='bbox 171 2009 338 2063; x_wconf 83' lang='lat' dir='ltr'><strong>currendntius</strong></span> <span class='ocrx_word' id='word_1_268' title='bbox 352 2010 444 2062; x_wconf 75' lang='lat' dir='ltr'><strong>uiuere</strong></span> <span class='ocrx_word' id='word_1_269' title='bbox 464 2005 587 2075; x_wconf 86' lang='lat' dir='ltr'><strong>coeperit,</strong></span> <span class='ocrx_word' id='word_1_270' title='bbox 607 2005 713 2060; x_wconf 88' lang='lat' dir='ltr'><strong>liberari</strong></span> <span class='ocrx_word' id='word_1_271' title='bbox 734 2003 890 2059; x_wconf 81' lang='lat' dir='ltr'><strong>desider-aua</strong></span> <span class='ocrx_word' id='word_1_272' title='bbox 903 2017 964 2057; x_wconf 88' lang='lat' dir='ltr'><strong>curu</strong></span> <span class='ocrx_word' id='word_1_273' title='bbox 1015 2017 1132 2070; x_wconf 91' lang='lat' dir='ltr'><strong>numque</strong></span> <span class='ocrx_word' id='word_1_274' title='bbox 1143 2004 1294 2070; x_wconf 80' lang='lat' dir='ltr'><strong>pontificem</strong></span> <span class='ocrx_word' id='word_1_275' title='bbox 1307 2018 1366 2058; x_wconf 89' lang='lat' dir='ltr'><strong>csse</strong></span> <span class='ocrx_word' id='word_1_276' title='bbox 1377 2004 1466 2060; x_wconf 86' lang='lat' dir='ltr'><strong>lesttm</strong></span> <span class='ocrx_word' id='word_1_277' title='bbox 1479 2007 1626 2076; x_wconf 85' lang='lat' dir='ltr'><strong>Christum,</strong></span> <span class='ocrx_word' id='word_1_278' title='bbox 1639 2011 1806 2079; x_wconf 79' lang='lat' dir='ltr'><strong>septuaginta</strong></span> 
     </span>
     <span class='ocr_line' id='line_1_21' title="bbox 171 2079 1806 2170; baseline 0.004 -20"><span class='ocrx_word' id='word_1_279' title='bbox 171 2079 275 2162; x_wconf 68' lang='lat' dir='ltr'><strong>eiectis,</strong></span> <span class='ocrx_word' id='word_1_280' title='bbox 291 2099 388 2153; x_wconf 91' lang='lat' dir='ltr'><strong>timens</strong></span> <span class='ocrx_word' id='word_1_281' title='bbox 410 2096 583 2151; x_wconf 82' lang='lat' dir='ltr'><strong>exterminari</strong></span> <span class='ocrx_word' id='word_1_282' title='bbox 606 2109 669 2148; x_wconf 92' lang='lat' dir='ltr'><strong>cum</strong></span> <span class='ocrx_word' id='word_1_283' title='bbox 693 2092 825 2164; x_wconf 89' lang='lat' dir='ltr'><strong>reprobis,</strong></span> <span class='ocrx_word' id='word_1_284' title='bbox 842 2090 964 2162; x_wconf 71' lang='lat' dir='ltr'><strong>hydriam</strong></span> <span class='ocrx_word' id='word_1_285' title='bbox 1016 2108 1101 2148; x_wconf 85' lang='lat' dir='ltr'><strong>annua</strong></span> <span class='ocrx_word' id='word_1_286' title='bbox 1116 2094 1246 2148; x_wconf 88' lang='lat' dir='ltr'><strong>hunorum</strong></span> <span class='ocrx_word' id='word_1_287' title='bbox 1262 2095 1454 2164; x_wconf 86' lang='lat' dir='ltr'><strong>plenitudinem</strong></span> <span class='ocrx_word' id='word_1_288' title='bbox 1468 2112 1593 2166; x_wconf 90' lang='lat' dir='ltr'><strong>operum,</strong></span> <span class='ocrx_word' id='word_1_289' title='bbox 1607 2115 1670 2170; x_wconf 79' lang='lat' dir='ltr'><strong>quae</strong></span> <span class='ocrx_word' id='word_1_290' title='bbox 1685 2116 1733 2168; x_wconf 91' lang='lat' dir='ltr'><strong>per</strong></span> <span class='ocrx_word' id='word_1_291' title='bbox 1746 2100 1806 2170; x_wconf 87' lang='lat' dir='ltr'><strong>Spi-</strong></span> 
     </span>
     <span class='ocr_line' id='line_1_22' title="bbox 172 2187 1807 2263; baseline 0.002 -17"><span class='ocrx_word' id='word_1_292' title='bbox 172 2192 293 2262; x_wconf 90' lang='lat' dir='ltr'><strong>proiectu</strong></span> <span class='ocrx_word' id='word_1_293' title='bbox 306 2207 392 2262; x_wconf 81' lang='lat' dir='ltr'><strong>aquae,</strong></span> <span class='ocrx_word' id='word_1_294' title='bbox 408 2204 460 2262; x_wconf 88' lang='lat' dir='ltr'><strong>qua</strong></span> <span class='ocrx_word' id='word_1_295' title='bbox 480 2188 655 2245; x_wconf 88' lang='lat' dir='ltr'><strong>mundaretur</strong></span> <span class='ocrx_word' id='word_1_296' title='bbox 671 2189 711 2244; x_wconf 86' lang='lat' dir='ltr'><strong>rel</strong></span> <span class='ocrx_word' id='word_1_297' title='bbox 735 2189 902 2254; x_wconf 88' lang='lat' dir='ltr'><strong>reticeretur,</strong></span> <span class='ocrx_word' id='word_1_298' title='bbox 920 2187 967 2238; x_wconf 92' lang='lat' dir='ltr'><strong>in·</strong></span> <span class='ocrx_word' id='word_1_299' title='bbox 1014 2191 1083 2244; x_wconf 74' lang='lat' dir='ltr'><strong>ritus</strong></span> <span class='ocrx_word' id='word_1_300' title='bbox 1100 2195 1185 2244; x_wconf 88' lang='lat' dir='ltr'><strong>sancti</strong></span> <span class='ocrx_word' id='word_1_301' title='bbox 1199 2191 1269 2244; x_wconf 92' lang='lat' dir='ltr'><strong>dona</strong></span> <span class='ocrx_word' id='word_1_302' title='bbox 1290 2190 1447 2258; x_wconf 72' lang='lat' dir='ltr'><strong>largiuntur,</strong></span> <span class='ocrx_word' id='word_1_303' title='bbox 1463 2192 1588 2249; x_wconf 70' lang='lat' dir='ltr'><strong>videlicet</strong></span> <span class='ocrx_word' id='word_1_304' title='bbox 1600 2205 1709 2263; x_wconf 82' lang='lat' dir='ltr'><strong>propter</strong></span> <span class='ocrx_word' id='word_1_305' title='bbox 1726 2194 1807 2249; x_wconf 88' lang='lat' dir='ltr'><strong>deca·</strong></span> 
     </span>
     <span class='ocr_line' id='line_1_23' title="bbox 171 2274 1808 2352; baseline -0.001 -15"><span class='ocrx_word' id='word_1_306' title='bbox 171 2283 256 2337; x_wconf 77' lang='lat' dir='ltr'><strong>venit.</strong></span> <span class='ocrx_word' id='word_1_307' title='bbox 284 2282 319 2336; x_wconf 76' lang='lat' dir='ltr'><strong>ht</strong></span> <span class='ocrx_word' id='word_1_308' title='bbox 338 2295 401 2336; x_wconf 87' lang='lat' dir='ltr'><strong>reru</strong></span> <span class='ocrx_word' id='word_1_309' title='bbox 422 2295 483 2335; x_wconf 90' lang='lat' dir='ltr'><strong>cum</strong></span> <span class='ocrx_word' id='word_1_310' title='bbox 507 2279 586 2334; x_wconf 90' lang='lat' dir='ltr'><strong>altius</strong></span> <span class='ocrx_word' id='word_1_311' title='bbox 601 2278 736 2347; x_wconf 83' lang='lat' dir='ltr'><strong>respicere</strong></span> <span class='ocrx_word' id='word_1_312' title='bbox 759 2274 965 2345; x_wconf 69' lang='lat' dir='ltr'><strong>reperissem</strong></span> <span class='ocrx_word' id='word_1_313' title='bbox 1015 2276 1107 2346; x_wconf 90' lang='lat' dir='ltr'><strong>logum</strong></span> <span class='ocrx_word' id='word_1_314' title='bbox 1132 2290 1160 2333; x_wconf 90' lang='lat' dir='ltr'><strong>et</strong></span> <span class='ocrx_word' id='word_1_315' title='bbox 1181 2279 1362 2347; x_wconf 89' lang='lat' dir='ltr'><strong>septilormem</strong></span> <span class='ocrx_word' id='word_1_316' title='bbox 1388 2279 1509 2347; x_wconf 87' lang='lat' dir='ltr'><strong>ejrrsdem</strong></span> <span class='ocrx_word' id='word_1_317' title='bbox 1535 2280 1651 2350; x_wconf 87' lang='lat' dir='ltr'><strong>Spiritus</strong></span> <span class='ocrx_word' id='word_1_318' title='bbox 1673 2284 1808 2352; x_wconf 88' lang='lat' dir='ltr'><strong>gratiaru,</strong></span> 
     </span>
     <span class='ocr_line' id='line_1_24' title="bbox 172 2365 1808 2438; baseline -0.001 -9"><span class='ocrx_word' id='word_1_319' title='bbox 172 2388 235 2429; x_wconf 88' lang='lat' dir='ltr'><strong>arca</strong></span> <span class='ocrx_word' id='word_1_320' title='bbox 263 2373 423 2437; x_wconf 86' lang='lat' dir='ltr'><strong>Ecclesiam,</strong></span> <span class='ocrx_word' id='word_1_321' title='bbox 442 2372 468 2426; x_wconf 92' lang='lat' dir='ltr'><strong>iu</strong></span> <span class='ocrx_word' id='word_1_322' title='bbox 488 2370 544 2426; x_wconf 88' lang='lat' dir='ltr'><strong>Noc</strong></span> <span class='ocrx_word' id='word_1_323' title='bbox 561 2370 708 2436; x_wconf 83' lang='lat' dir='ltr'><strong>Christum,</strong></span> <span class='ocrx_word' id='word_1_324' title='bbox 728 2369 755 2424; x_wconf 93' lang='lat' dir='ltr'><strong>in</strong></span> <span class='ocrx_word' id='word_1_325' title='bbox 776 2382 845 2437; x_wconf 89' lang='lat' dir='ltr'><strong>aqua</strong></span> <span class='ocrx_word' id='word_1_326' title='bbox 859 2365 966 2422; x_wconf 85' lang='lat' dir='ltr'><strong>delente</strong></span> <span class='ocrx_word' id='word_1_327' title='bbox 1016 2367 1166 2438; x_wconf 72' lang='lat' dir='ltr'><strong>videritque</strong></span> <span class='ocrx_word' id='word_1_328' title='bbox 1181 2368 1360 2438; x_wconf 91' lang='lat' dir='ltr'><strong>hucquotidie</strong></span> <span class='ocrx_word' id='word_1_329' title='bbox 1373 2368 1440 2436; x_wconf 88' lang='lat' dir='ltr'><strong>heri,</strong></span> <span class='ocrx_word' id='word_1_330' title='bbox 1455 2370 1514 2425; x_wconf 91' lang='lat' dir='ltr'><strong>aliis</strong></span> <span class='ocrx_word' id='word_1_331' title='bbox 1528 2371 1652 2426; x_wconf 89' lang='lat' dir='ltr'><strong>trimirrun</strong></span> <span class='ocrx_word' id='word_1_332' title='bbox 1668 2387 1682 2426; x_wconf 95' lang='lat' dir='ltr'><strong>a</strong></span> <span class='ocrx_word' id='word_1_333' title='bbox 1698 2373 1808 2428; x_wconf 89' lang='lat' dir='ltr'><strong>diabolo</strong></span> 
     </span>
     <span class='ocr_line' id='line_1_25' title="bbox 173 2457 1810 2534; baseline -0.001 -16"><span class='ocrx_word' id='word_1_334' title='bbox 173 2473 328 2534; x_wconf 88' lang='lat' dir='ltr'><strong>peccatores</strong></span> <span class='ocrx_word' id='word_1_335' title='bbox 348 2477 443 2531; x_wconf 87' lang='lat' dir='ltr'><strong>uquam</strong></span> <span class='ocrx_word' id='word_1_336' title='bbox 468 2461 601 2527; x_wconf 84' lang='lat' dir='ltr'><strong>baptismi,</strong></span> <span class='ocrx_word' id='word_1_337' title='bbox 625 2475 685 2529; x_wconf 76' lang='lat' dir='ltr'><strong>quse</strong></span> <span class='ocrx_word' id='word_1_338' title='bbox 708 2469 817 2528; x_wconf 89' lang='lat' dir='ltr'><strong>peccata</strong></span> <span class='ocrx_word' id='word_1_339' title='bbox 837 2457 925 2521; x_wconf 89' lang='lat' dir='ltr'><strong>diluit,</strong></span> <span class='ocrx_word' id='word_1_340' title='bbox 939 2459 966 2512; x_wconf 90' lang='lat' dir='ltr'><strong>in</strong></span> <span class='ocrx_word' id='word_1_341' title='bbox 1016 2457 1051 2513; x_wconf 90' lang='lat' dir='ltr'><strong>de</strong></span> <span class='ocrx_word' id='word_1_342' title='bbox 1079 2459 1196 2514; x_wconf 84' lang='lat' dir='ltr'><strong>Ecclesia</strong></span> <span class='ocrx_word' id='word_1_343' title='bbox 1218 2462 1353 2527; x_wconf 90' lang='lat' dir='ltr'><strong>peccando</strong></span> <span class='ocrx_word' id='word_1_344' title='bbox 1378 2462 1480 2530; x_wconf 85' lang='lat' dir='ltr'><strong>raptis,</strong></span> <span class='ocrx_word' id='word_1_345' title='bbox 1504 2462 1563 2516; x_wconf 88' lang='lat' dir='ltr'><strong>aliis</strong></span> <span class='ocrx_word' id='word_1_346' title='bbox 1584 2463 1668 2530; x_wconf 88' lang='lat' dir='ltr'><strong>gratia</strong></span> <span class='ocrx_word' id='word_1_347' title='bbox 1692 2462 1810 2530; x_wconf 85' lang='lat' dir='ltr'><strong>Spiritus</strong></span> 
     </span>
     <span class='ocr_line' id='line_1_26' title="bbox 175 2548 1809 2623; baseline 0 -14"><span class='ocrx_word' id='word_1_348' title='bbox 175 2555 329 2609; x_wconf 90' lang='lat' dir='ltr'><strong>homiuibus</strong></span> <span class='ocrx_word' id='word_1_349' title='bbox 344 2553 386 2606; x_wconf 88' lang='lat' dir='ltr'><strong>rcl</strong></span> <span class='ocrx_word' id='word_1_350' title='bbox 403 2551 429 2604; x_wconf 93' lang='lat' dir='ltr'><strong>in</strong></span> <span class='ocrx_word' id='word_1_351' title='bbox 453 2551 621 2615; x_wconf 73' lang='lat' dir='ltr'><strong>ocumanius,</strong></span> <span class='ocrx_word' id='word_1_352' title='bbox 637 2565 697 2619; x_wconf 74' lang='lat' dir='ltr'><strong>quae</strong></span> <span class='ocrx_word' id='word_1_353' title='bbox 717 2562 778 2603; x_wconf 91' lang='lat' dir='ltr'><strong>arca</strong></span> <span class='ocrx_word' id='word_1_354' title='bbox 801 2548 965 2615; x_wconf 90' lang='lat' dir='ltr'><strong>continebat,</strong></span> <span class='ocrx_word' id='word_1_355' title='bbox 1017 2549 1103 2604; x_wconf 89' lang='lat' dir='ltr'><strong>sancti</strong></span> <span class='ocrx_word' id='word_1_356' title='bbox 1122 2563 1170 2617; x_wconf 88' lang='lat' dir='ltr'><strong>per</strong></span> <span class='ocrx_word' id='word_1_357' title='bbox 1189 2548 1326 2604; x_wconf 81' lang='lat' dir='ltr'><strong>Christum</strong></span> <span class='ocrx_word' id='word_1_358' title='bbox 1350 2549 1534 2620; x_wconf 86' lang='lat' dir='ltr'><strong>resipiscendo</strong></span> <span class='ocrx_word' id='word_1_359' title='bbox 1548 2565 1580 2607; x_wconf 88' lang='lat' dir='ltr'><strong>ae</strong></span> <span class='ocrx_word' id='word_1_360' title='bbox 1592 2553 1746 2623; x_wconf 83' lang='lat' dir='ltr'><strong>poenitenda</strong></span> <span class='ocrx_word' id='word_1_361' title='bbox 1766 2570 1809 2609; x_wconf 92' lang='lat' dir='ltr'><strong>re·</strong></span> 
     </span>
     <span class='ocr_line' id='line_1_27' title="bbox 174 2637 1809 2715; baseline 0 -16"><span class='ocrx_word' id='word_1_362' title='bbox 174 2639 348 2699; x_wconf 88' lang='lat' dir='ltr'><strong>ntultilariam</strong></span> <span class='ocrx_word' id='word_1_363' title='bbox 373 2640 565 2710; x_wconf 88' lang='lat' dir='ltr'><strong>baptizaturum</strong></span> <span class='ocrx_word' id='word_1_364' title='bbox 585 2639 774 2704; x_wconf 81' lang='lat' dir='ltr'><strong>differentiam,</strong></span> <span class='ocrx_word' id='word_1_365' title='bbox 791 2639 816 2692; x_wconf 91' lang='lat' dir='ltr'><strong>iu</strong></span> <span class='ocrx_word' id='word_1_366' title='bbox 831 2637 965 2703; x_wconf 89' lang='lat' dir='ltr'><strong>columba,</strong></span> <span class='ocrx_word' id='word_1_367' title='bbox 1016 2640 1176 2715; x_wconf 86' lang='lat' dir='ltr'><strong>conciliatis,</strong></span> <span class='ocrx_word' id='word_1_368' title='bbox 1187 2639 1278 2695; x_wconf 83' lang='lat' dir='ltr'><strong>riuum</strong></span> <span class='ocrx_word' id='word_1_369' title='bbox 1294 2641 1328 2696; x_wconf 89' lang='lat' dir='ltr'><strong>de</strong></span> <span class='ocrx_word' id='word_1_370' title='bbox 1346 2656 1414 2711; x_wconf 90' lang='lat' dir='ltr'><strong>aqua</strong></span> <span class='ocrx_word' id='word_1_371' title='bbox 1428 2640 1527 2697; x_wconf 87' lang='lat' dir='ltr'><strong>iactum</strong></span> <span class='ocrx_word' id='word_1_372' title='bbox 1543 2642 1639 2710; x_wconf 86' lang='lat' dir='ltr'><strong>habet;</strong></span> <span class='ocrx_word' id='word_1_373' title='bbox 1654 2646 1716 2713; x_wconf 90' lang='lat' dir='ltr'><strong>quia</strong></span> <span class='ocrx_word' id='word_1_374' title='bbox 1730 2644 1764 2699; x_wconf 88' lang='lat' dir='ltr'><strong>ad</strong></span> <span class='ocrx_word' id='word_1_375' title='bbox 1777 2658 1809 2699; x_wconf 88' lang='lat' dir='ltr'><strong>se</strong></span> 
     </span>
     <span class='ocr_line' id='line_1_28' title="bbox 172 2729 1809 2806; baseline 0 -15"><span class='ocrx_word' id='word_1_376' title='bbox 172 2750 233 2806; x_wconf 80' lang='lat' dir='ltr'><strong>qun</strong></span> <span class='ocrx_word' id='word_1_377' title='bbox 258 2743 318 2805; x_wconf 89' lang='lat' dir='ltr'><strong>pust</strong></span> <span class='ocrx_word' id='word_1_378' title='bbox 342 2732 471 2789; x_wconf 87' lang='lat' dir='ltr'><strong>diluuium</strong></span> <span class='ocrx_word' id='word_1_379' title='bbox 493 2747 597 2786; x_wconf 90' lang='lat' dir='ltr'><strong>ramum</strong></span> <span class='ocrx_word' id='word_1_380' title='bbox 617 2731 693 2785; x_wconf 79' lang='lat' dir='ltr'><strong>olivas</strong></span> <span class='ocrx_word' id='word_1_381' title='bbox 715 2729 802 2784; x_wconf 87' lang='lat' dir='ltr'><strong>intulit</strong></span> <span class='ocrx_word' id='word_1_382' title='bbox 824 2730 965 2794; x_wconf 80' lang='lat' dir='ltr'><strong>hiarcam,</strong></span> <span class='ocrx_word' id='word_1_383' title='bbox 1019 2730 1151 2800; x_wconf 90' lang='lat' dir='ltr'><strong>pertinere</strong></span> <span class='ocrx_word' id='word_1_384' title='bbox 1164 2745 1224 2799; x_wconf 80' lang='lat' dir='ltr'><strong>quas</strong></span> <span class='ocrx_word' id='word_1_385' title='bbox 1237 2734 1337 2802; x_wconf 86' lang='lat' dir='ltr'><strong>scripta</strong></span> <span class='ocrx_word' id='word_1_386' title='bbox 1358 2743 1421 2788; x_wconf 91' lang='lat' dir='ltr'><strong>suut</strong></span> <span class='ocrx_word' id='word_1_387' title='bbox 1442 2733 1603 2803; x_wconf 87' lang='lat' dir='ltr'><strong>intelligens,</strong></span> <span class='ocrx_word' id='word_1_388' title='bbox 1628 2750 1725 2804; x_wconf 89' lang='lat' dir='ltr'><strong>magno</strong></span> <span class='ocrx_word' id='word_1_389' title='bbox 1745 2751 1809 2791; x_wconf 80' lang='lat' dir='ltr'><strong>mor</strong></span> 
     </span>
     <span class='ocr_line' id='line_1_29' title="bbox 173 2820 1809 2894; baseline -0.001 -12"><span class='ocrx_word' id='word_1_390' title='bbox 173 2828 330 2882; x_wconf 83' lang='lat' dir='ltr'><strong>utactiuttem</strong></span> <span class='ocrx_word' id='word_1_391' title='bbox 345 2823 460 2894; x_wconf 85' lang='lat' dir='ltr'><strong>Spiritus</strong></span> <span class='ocrx_word' id='word_1_392' title='bbox 474 2824 559 2878; x_wconf 88' lang='lat' dir='ltr'><strong>sartcti</strong></span> <span class='ocrx_word' id='word_1_393' title='bbox 577 2836 629 2892; x_wconf 86' lang='lat' dir='ltr'><strong>qua</strong></span> <span class='ocrx_word' id='word_1_394' title='bbox 645 2821 773 2890; x_wconf 80' lang='lat' dir='ltr'><strong>baptizati</strong></span> <span class='ocrx_word' id='word_1_395' title='bbox 797 2820 965 2886; x_wconf 86' lang='lat' dir='ltr'><strong>imbuuntur,</strong></span> <span class='ocrx_word' id='word_1_396' title='bbox 1018 2820 1231 2891; x_wconf 90' lang='lat' dir='ltr'><strong>compunctionis</strong></span> <span class='ocrx_word' id='word_1_397' title='bbox 1258 2821 1375 2888; x_wconf 89' lang='lat' dir='ltr'><strong>ardore,</strong></span> <span class='ocrx_word' id='word_1_398' title='bbox 1401 2824 1478 2892; x_wconf 88' lang='lat' dir='ltr'><strong>quasi</strong></span> <span class='ocrx_word' id='word_1_399' title='bbox 1504 2831 1593 2879; x_wconf 88' lang='lat' dir='ltr'><strong>musto</strong></span> <span class='ocrx_word' id='word_1_400' title='bbox 1620 2823 1809 2893; x_wconf 81' lang='lat' dir='ltr'><strong>incalescens,</strong></span> 
     </span>
     <span class='ocr_line' id='line_1_30' title="bbox 174 2909 1810 2985; baseline -0.001 -13"><span class='ocrx_word' id='word_1_401' title='bbox 174 2917 350 2978; x_wconf 78' lang='lat' dir='ltr'><strong>intellexerit,</strong></span> <span class='ocrx_word' id='word_1_402' title='bbox 367 2917 455 2968; x_wconf 84' lang='lat' dir='ltr'><strong>uiuunt</strong></span> <span class='ocrx_word' id='word_1_403' title='bbox 470 2914 591 2983; x_wconf 88' lang='lat' dir='ltr'><strong>proiecto</strong></span> <span class='ocrx_word' id='word_1_404' title='bbox 602 2912 636 2967; x_wconf 89' lang='lat' dir='ltr'><strong>de</strong></span> <span class='ocrx_word' id='word_1_405' title='bbox 648 2925 716 2982; x_wconf 92' lang='lat' dir='ltr'><strong>aqua</strong></span> <span class='ocrx_word' id='word_1_406' title='bbox 731 2909 829 2965; x_wconf 85' lang='lat' dir='ltr'><strong>iactum</strong></span> <span class='ocrx_word' id='word_1_407' title='bbox 844 2909 965 2977; x_wconf 89' lang='lat' dir='ltr'><strong>miratur,</strong></span> <span class='ocrx_word' id='word_1_408' title='bbox 1018 2911 1148 2981; x_wconf 87' lang='lat' dir='ltr'><strong>quidquid</strong></span> <span class='ocrx_word' id='word_1_409' title='bbox 1162 2910 1213 2966; x_wconf 87' lang='lat' dir='ltr'><strong>sihi</strong></span> <span class='ocrx_word' id='word_1_410' title='bbox 1227 2912 1329 2981; x_wconf 87' lang='lat' dir='ltr'><strong>peccati</strong></span> <span class='ocrx_word' id='word_1_411' title='bbox 1349 2913 1508 2983; x_wconf 82' lang='lat' dir='ltr'><strong>captivantis</strong></span> <span class='ocrx_word' id='word_1_412' title='bbox 1522 2915 1610 2970; x_wconf 87' lang='lat' dir='ltr'><strong>inesse</strong></span> <span class='ocrx_word' id='word_1_413' title='bbox 1622 2913 1810 2985; x_wconf 89' lang='lat' dir='ltr'><strong>deprehende·</strong></span> 
     </span>
     <span class='ocr_line' id='line_1_31' title="bbox 176 2998 1811 3112; baseline -0.001 -51"><span class='ocrx_word' id='word_1_414' title='bbox 176 3006 237 3075; x_wconf 89' lang='lat' dir='ltr'><strong>quia</strong></span> <span class='ocrx_word' id='word_1_415' title='bbox 253 3005 279 3060; x_wconf 97' lang='lat' dir='ltr'><strong>in</strong></span> <span class='ocrx_word' id='word_1_416' title='bbox 293 3006 393 3060; x_wconf 83' lang='lat' dir='ltr'><strong>ueteris</strong></span> <span class='ocrx_word' id='word_1_417' title='bbox 409 3005 517 3057; x_wconf 86' lang='lat' dir='ltr'><strong>lristuria</strong></span> <span class='ocrx_word' id='word_1_418' title='bbox 541 3001 602 3057; x_wconf 86' lang='lat' dir='ltr'><strong>iacti</strong></span> <span class='ocrx_word' id='word_1_419' title='bbox 625 3017 700 3056; x_wconf 89' lang='lat' dir='ltr'><strong>suam</strong></span> <span class='ocrx_word' id='word_1_420' title='bbox 715 2998 888 3065; x_wconf 78' lang='lat' dir='ltr'><strong>ablutionem,</strong></span> <span class='ocrx_word' id='word_1_421' title='bbox 904 3012 967 3054; x_wconf 88' lang='lat' dir='ltr'><strong>sau-</strong></span> <span class='ocrx_word' id='word_1_422' title='bbox 980 3048 1004 3112; x_wconf 69' lang='lat' dir='ltr'><strong>G</strong></span> <span class='ocrx_word' id='word_1_423' title='bbox 1019 3004 1063 3070; x_wconf 90' lang='lat' dir='ltr'><strong>rit,</strong></span> <span class='ocrx_word' id='word_1_424' title='bbox 1085 3017 1133 3073; x_wconf 85' lang='lat' dir='ltr'><strong>per</strong></span> <span class='ocrx_word' id='word_1_425' title='bbox 1151 3002 1249 3056; x_wconf 81' lang='lat' dir='ltr'><strong>Christi</strong></span> <span class='ocrx_word' id='word_1_426' title='bbox 1268 3004 1379 3073; x_wconf 88' lang='lat' dir='ltr'><strong>gratiam</strong></span> <span class='ocrx_word' id='word_1_427' title='bbox 1403 3005 1508 3059; x_wconf 89' lang='lat' dir='ltr'><strong>hberari</strong></span> <span class='ocrx_word' id='word_1_428' title='bbox 1522 3004 1652 3074; x_wconf 87' lang='lat' dir='ltr'><strong>deposcit.</strong></span> <span class='ocrx_word' id='word_1_429' title='bbox 1673 3005 1753 3061; x_wconf 82' lang='lat' dir='ltr'><strong>Serta</strong></span> <span class='ocrx_word' id='word_1_430' title='bbox 1769 3007 1811 3062; x_wconf 91' lang='lat' dir='ltr'><strong>iu·</strong></span> 
     </span>
     <span class='ocr_line' id='line_1_32' title="bbox 176 3089 1811 3164; baseline 0.001 -15"><span class='ocrx_word' id='word_1_431' title='bbox 176 3093 375 3158; x_wconf 85' lang='lat' dir='ltr'><strong>ctihcatiorrem,</strong></span> <span class='ocrx_word' id='word_1_432' title='bbox 389 3090 606 3161; x_wconf 77' lang='lat' dir='ltr'><strong>iustihcatiouem</strong></span> <span class='ocrx_word' id='word_1_433' title='bbox 625 3089 780 3160; x_wconf 88' lang='lat' dir='ltr'><strong>prophetari</strong></span> <span class='ocrx_word' id='word_1_434' title='bbox 800 3089 964 3158; x_wconf 89' lang='lat' dir='ltr'><strong>contempla·</strong></span> <span class='ocrx_word' id='word_1_435' title='bbox 1018 3091 1135 3146; x_wconf 88' lang='lat' dir='ltr'><strong>choante</strong></span> <span class='ocrx_word' id='word_1_436' title='bbox 1158 3092 1250 3147; x_wconf 79' lang='lat' dir='ltr'><strong>sacculi</strong></span> <span class='ocrx_word' id='word_1_437' title='bbox 1273 3101 1352 3148; x_wconf 85' lang='lat' dir='ltr'><strong>aetate</strong></span> <span class='ocrx_word' id='word_1_438' title='bbox 1378 3092 1504 3148; x_wconf 88' lang='lat' dir='ltr'><strong>boruiuus</strong></span> <span class='ocrx_word' id='word_1_439' title='bbox 1525 3095 1552 3148; x_wconf 92' lang='lat' dir='ltr'><strong>in</strong></span> <span class='ocrx_word' id='word_1_440' title='bbox 1574 3109 1656 3151; x_wconf 91' lang='lat' dir='ltr'><strong>carue</strong></span> <span class='ocrx_word' id='word_1_441' title='bbox 1678 3110 1811 3164; x_wconf 85' lang='lat' dir='ltr'><strong>apparens</strong></span> 
     </span>
     <span class='ocr_line' id='line_1_33' title="bbox 176 3179 1810 3257; baseline 0.004 -19"><span class='ocrx_word' id='word_1_442' title='bbox 176 3194 229 3239; x_wconf 89' lang='lat' dir='ltr'><strong>tur.</strong></span> <span class='ocrx_word' id='word_1_443' title='bbox 252 3183 343 3238; x_wconf 79' lang='lat' dir='ltr'><strong>Tertia</strong></span> <span class='ocrx_word' id='word_1_444' title='bbox 368 3190 447 3236; x_wconf 83' lang='lat' dir='ltr'><strong>aetate</strong></span> <span class='ocrx_word' id='word_1_445' title='bbox 466 3181 558 3234; x_wconf 80' lang='lat' dir='ltr'><strong>saculi</strong></span> <span class='ocrx_word' id='word_1_446' title='bbox 575 3180 645 3235; x_wconf 86' lang='lat' dir='ltr'><strong>Deus</strong></span> <span class='ocrx_word' id='word_1_447' title='bbox 660 3188 765 3233; x_wconf 88' lang='lat' dir='ltr'><strong>tentans</strong></span> <span class='ocrx_word' id='word_1_448' title='bbox 788 3179 968 3234; x_wconf 88' lang='lat' dir='ltr'><strong>obedientiam</strong></span> <span class='ocrx_word' id='word_1_449' title='bbox 1018 3194 1112 3239; x_wconf 84' lang='lat' dir='ltr'><strong>octaua</strong></span> <span class='ocrx_word' id='word_1_450' title='bbox 1133 3182 1177 3238; x_wconf 92' lang='lat' dir='ltr'><strong>die</strong></span> <span class='ocrx_word' id='word_1_451' title='bbox 1198 3183 1343 3239; x_wconf 75' lang='lat' dir='ltr'><strong>rusticitatis</strong></span> <span class='ocrx_word' id='word_1_452' title='bbox 1366 3186 1441 3253; x_wconf 80' lang='lat' dir='ltr'><strong>iusta</strong></span> <span class='ocrx_word' id='word_1_453' title='bbox 1457 3187 1541 3255; x_wconf 77' lang='lat' dir='ltr'><strong>legem</strong></span> <span class='ocrx_word' id='word_1_454' title='bbox 1563 3188 1736 3243; x_wconf 87' lang='lat' dir='ltr'><strong>circumcisus</strong></span> <span class='ocrx_word' id='word_1_455' title='bbox 1757 3199 1810 3257; x_wconf 92' lang='lat' dir='ltr'><strong>cst,</strong></span> 
     </span>
     <span class='ocr_line' id='line_1_34' title="bbox 175 3268 1809 3348; baseline 0.004 -19"><span class='ocrx_word' id='word_1_456' title='bbox 175 3273 301 3336; x_wconf 74' lang='lat' dir='ltr'><strong>Abrabae.</strong></span> <span class='ocrx_word' id='word_1_457' title='bbox 327 3272 409 3326; x_wconf 92' lang='lat' dir='ltr'><strong>lilium</strong></span> <span class='ocrx_word' id='word_1_458' title='bbox 434 3271 539 3325; x_wconf 89' lang='lat' dir='ltr'><strong>uuicuur</strong></span> <span class='ocrx_word' id='word_1_459' title='bbox 562 3271 620 3339; x_wconf 83' lang='lat' dir='ltr'><strong>ejus</strong></span> <span class='ocrx_word' id='word_1_460' title='bbox 644 3285 724 3340; x_wconf 90' lang='lat' dir='ltr'><strong>quent</strong></span> <span class='ocrx_word' id='word_1_461' title='bbox 745 3269 832 3339; x_wconf 81' lang='lat' dir='ltr'><strong>diligit</strong></span> <span class='ocrx_word' id='word_1_462' title='bbox 852 3272 879 3323; x_wconf 93' lang='lat' dir='ltr'><strong>lu</strong></span> <span class='ocrx_word' id='word_1_463' title='bbox 893 3268 967 3323; x_wconf 89' lang='lat' dir='ltr'><strong>bulu-</strong></span> <span class='ocrx_word' id='word_1_464' title='bbox 1021 3275 1153 3329; x_wconf 88' lang='lat' dir='ltr'><strong>tricesima</strong></span> <span class='ocrx_word' id='word_1_465' title='bbox 1177 3287 1205 3329; x_wconf 90' lang='lat' dir='ltr'><strong>ct</strong></span> <span class='ocrx_word' id='word_1_466' title='bbox 1227 3276 1304 3330; x_wconf 89' lang='lat' dir='ltr'><strong>tertia</strong></span> <span class='ocrx_word' id='word_1_467' title='bbox 1320 3285 1381 3345; x_wconf 90' lang='lat' dir='ltr'><strong>post</strong></span> <span class='ocrx_word' id='word_1_468' title='bbox 1399 3276 1457 3330; x_wconf 81' lang='lat' dir='ltr'><strong>buc</strong></span> <span class='ocrx_word' id='word_1_469' title='bbox 1479 3278 1512 3331; x_wconf 90' lang='lat' dir='ltr'><strong>ad</strong></span> <span class='ocrx_word' id='word_1_470' title='bbox 1538 3278 1666 3348; x_wconf 91' lang='lat' dir='ltr'><strong>templum</strong></span> <span class='ocrx_word' id='word_1_471' title='bbox 1686 3278 1809 3348; x_wconf 84' lang='lat' dir='ltr'><strong>delatus,</strong></span> 
     </span>
     <span class='ocr_line' id='line_1_35' title="bbox 175 3360 1812 3436; baseline 0.007 -22"><span class='ocrx_word' id='word_1_472' title='bbox 175 3372 297 3421; x_wconf 73' lang='lat' dir='ltr'><strong>caustum</strong></span> <span class='ocrx_word' id='word_1_473' title='bbox 321 3364 372 3418; x_wconf 85' lang='lat' dir='ltr'><strong>sibi</strong></span> <span class='ocrx_word' id='word_1_474' title='bbox 389 3363 480 3418; x_wconf 74' lang='lat' dir='ltr'><strong>diferri</strong></span> <span class='ocrx_word' id='word_1_475' title='bbox 504 3362 639 3432; x_wconf 79' lang='lat' dir='ltr'><strong>pracepit.</strong></span> <span class='ocrx_word' id='word_1_476' title='bbox 654 3361 712 3416; x_wconf 80' lang='lat' dir='ltr'><strong>bon</strong></span> <span class='ocrx_word' id='word_1_477' title='bbox 727 3361 816 3416; x_wconf 86' lang='lat' dir='ltr'><strong>dillert</strong></span> <span class='ocrx_word' id='word_1_478' title='bbox 834 3360 968 3415; x_wconf 70' lang='lat' dir='ltr'><strong>Abraham</strong></span> <span class='ocrx_word' id='word_1_479' title='bbox 1020 3377 1047 3422; x_wconf 90' lang='lat' dir='ltr'><strong>et</strong></span> <span class='ocrx_word' id='word_1_480' title='bbox 1060 3368 1154 3436; x_wconf 69' lang='lat' dir='ltr'><strong>legalia</strong></span> <span class='ocrx_word' id='word_1_481' title='bbox 1169 3381 1217 3435; x_wconf 93' lang='lat' dir='ltr'><strong>pro</strong></span> <span class='ocrx_word' id='word_1_482' title='bbox 1233 3382 1267 3422; x_wconf 92' lang='lat' dir='ltr'><strong>eo</strong></span> <span class='ocrx_word' id='word_1_483' title='bbox 1280 3378 1343 3422; x_wconf 90' lang='lat' dir='ltr'><strong>sum</strong></span> <span class='ocrx_word' id='word_1_484' title='bbox 1357 3383 1467 3423; x_wconf 93' lang='lat' dir='ltr'><strong>munera</strong></span> <span class='ocrx_word' id='word_1_485' title='bbox 1480 3369 1578 3425; x_wconf 86' lang='lat' dir='ltr'><strong>oblata.</strong></span> <span class='ocrx_word' id='word_1_486' title='bbox 1593 3371 1655 3426; x_wconf 80' lang='lat' dir='ltr'><strong>lice</strong></span> <span class='ocrx_word' id='word_1_487' title='bbox 1674 3372 1812 3427; x_wconf 88' lang='lat' dir='ltr'><strong>intuentes</strong></span> 
     </span>
     <span class='ocr_line' id='line_1_36' title="bbox 176 3451 1811 3528; baseline -0.001 -16"><span class='ocrx_word' id='word_1_488' title='bbox 176 3458 265 3512; x_wconf 83' lang='lat' dir='ltr'><strong>laccrc</strong></span> <span class='ocrx_word' id='word_1_489' title='bbox 287 3455 358 3525; x_wconf 92' lang='lat' dir='ltr'><strong>quod</strong></span> <span class='ocrx_word' id='word_1_490' title='bbox 372 3453 495 3524; x_wconf 85' lang='lat' dir='ltr'><strong>jubetur,</strong></span> <span class='ocrx_word' id='word_1_491' title='bbox 510 3454 557 3508; x_wconf 91' lang='lat' dir='ltr'><strong>sed</strong></span> <span class='ocrx_word' id='word_1_492' title='bbox 574 3467 623 3523; x_wconf 90' lang='lat' dir='ltr'><strong>pro</strong></span> <span class='ocrx_word' id='word_1_493' title='bbox 645 3451 700 3507; x_wconf 90' lang='lat' dir='ltr'><strong>hlio</strong></span> <span class='ocrx_word' id='word_1_494' title='bbox 720 3452 873 3506; x_wconf 87' lang='lat' dir='ltr'><strong>immolatur</strong></span> <span class='ocrx_word' id='word_1_495' title='bbox 887 3452 968 3515; x_wconf 87' lang='lat' dir='ltr'><strong>aries,</strong></span> <span class='ocrx_word' id='word_1_496' title='bbox 1019 3457 1052 3510; x_wconf 91' lang='lat' dir='ltr'><strong>ad</strong></span> <span class='ocrx_word' id='word_1_497' title='bbox 1066 3456 1192 3523; x_wconf 89' lang='lat' dir='ltr'><strong>litteram,</strong></span> <span class='ocrx_word' id='word_1_498' title='bbox 1207 3467 1298 3525; x_wconf 89' lang='lat' dir='ltr'><strong>aperta</strong></span> <span class='ocrx_word' id='word_1_499' title='bbox 1312 3457 1440 3511; x_wconf 86' lang='lat' dir='ltr'><strong>discimus</strong></span> <span class='ocrx_word' id='word_1_500' title='bbox 1463 3469 1562 3525; x_wconf 86' lang='lat' dir='ltr'><strong>quauta</strong></span> <span class='ocrx_word' id='word_1_501' title='bbox 1583 3457 1659 3513; x_wconf 90' lang='lat' dir='ltr'><strong>nobis</strong></span> <span class='ocrx_word' id='word_1_502' title='bbox 1672 3458 1811 3528; x_wconf 86' lang='lat' dir='ltr'><strong>dihgentia</strong></span> 
     </span>
     <span class='ocr_line' id='line_1_37' title="bbox 176 3543 1813 3619; baseline -0.001 -15"><span class='ocrx_word' id='word_1_503' title='bbox 176 3550 234 3617; x_wconf 88' lang='lat' dir='ltr'><strong>ipse</strong></span> <span class='ocrx_word' id='word_1_504' title='bbox 251 3557 339 3601; x_wconf 89' lang='lat' dir='ltr'><strong>tamen</strong></span> <span class='ocrx_word' id='word_1_505' title='bbox 356 3561 403 3616; x_wconf 91' lang='lat' dir='ltr'><strong>pro</strong></span> <span class='ocrx_word' id='word_1_506' title='bbox 424 3545 585 3601; x_wconf 84' lang='lat' dir='ltr'><strong>obedieutiae</strong></span> <span class='ocrx_word' id='word_1_507' title='bbox 607 3546 704 3600; x_wconf 82' lang='lat' dir='ltr'><strong>virtute</strong></span> <span class='ocrx_word' id='word_1_508' title='bbox 722 3543 818 3598; x_wconf 81' lang='lat' dir='ltr'><strong>eximia</strong></span> <span class='ocrx_word' id='word_1_509' title='bbox 836 3553 969 3614; x_wconf 72' lang='lat' dir='ltr'><strong>perpetua</strong></span> <span class='ocrx_word' id='word_1_510' title='bbox 1020 3555 1083 3602; x_wconf 91' lang='lat' dir='ltr'><strong>sunt</strong></span> <span class='ocrx_word' id='word_1_511' title='bbox 1106 3547 1266 3614; x_wconf 78' lang='lat' dir='ltr'><strong>euangelica</strong></span> <span class='ocrx_word' id='word_1_512' title='bbox 1289 3546 1352 3602; x_wconf 86' lang='lat' dir='ltr'><strong>ildei</strong></span> <span class='ocrx_word' id='word_1_513' title='bbox 1376 3547 1514 3602; x_wconf 88' lang='lat' dir='ltr'><strong>subeunda</strong></span> <span class='ocrx_word' id='word_1_514' title='bbox 1534 3549 1683 3619; x_wconf 83' lang='lat' dir='ltr'><strong>mysteria,</strong></span> <span class='ocrx_word' id='word_1_515' title='bbox 1703 3551 1813 3618; x_wconf 89' lang='lat' dir='ltr'><strong>quando</strong></span> 
     </span>
     <span class='ocr_line' id='line_1_38' title="bbox 176 3635 1812 3708; baseline -0.002 -12"><span class='ocrx_word' id='word_1_516' title='bbox 176 3639 372 3697; x_wconf 81' lang='lat' dir='ltr'><strong>benedictionis</strong></span> <span class='ocrx_word' id='word_1_517' title='bbox 397 3638 553 3694; x_wconf 77' lang='lat' dir='ltr'><strong>haereditate</strong></span> <span class='ocrx_word' id='word_1_518' title='bbox 577 3639 704 3694; x_wconf 86' lang='lat' dir='ltr'><strong>donatur.</strong></span> <span class='ocrx_word' id='word_1_519' title='bbox 730 3637 800 3692; x_wconf 82' lang='lat' dir='ltr'><strong>Ecce</strong></span> <span class='ocrx_word' id='word_1_520' title='bbox 822 3635 904 3691; x_wconf 91' lang='lat' dir='ltr'><strong>habes</strong></span> <span class='ocrx_word' id='word_1_521' title='bbox 923 3640 970 3707; x_wconf 82' lang='lat' dir='ltr'><strong>hy·</strong></span> <span class='ocrx_word' id='word_1_522' title='bbox 1021 3638 1078 3707; x_wconf 82' lang='lat' dir='ltr'><strong>ipse</strong></span> <span class='ocrx_word' id='word_1_523' title='bbox 1090 3637 1305 3692; x_wconf 88' lang='lat' dir='ltr'><strong>benedictionem</strong></span> <span class='ocrx_word' id='word_1_524' title='bbox 1317 3639 1408 3706; x_wconf 86' lang='lat' dir='ltr'><strong>gratiae</strong></span> <span class='ocrx_word' id='word_1_525' title='bbox 1420 3636 1544 3706; x_wconf 82' lang='lat' dir='ltr'><strong>alienans,</strong></span> <span class='ocrx_word' id='word_1_526' title='bbox 1557 3639 1602 3708; x_wconf 92' lang='lat' dir='ltr'><strong>qui</strong></span> <span class='ocrx_word' id='word_1_527' title='bbox 1614 3639 1700 3708; x_wconf 80' lang='lat' dir='ltr'><strong>legem</strong></span> <span class='ocrx_word' id='word_1_528' title='bbox 1716 3640 1812 3695; x_wconf 76' lang='lat' dir='ltr'><strong>littera.</strong></span> 
     </span>
     <span class='ocr_line' id='line_1_39' title="bbox 177 3727 1812 3799; baseline -0.003 -11"><span class='ocrx_word' id='word_1_529' title='bbox 177 3734 264 3788; x_wconf 89' lang='lat' dir='ltr'><strong>driam</strong></span> <span class='ocrx_word' id='word_1_530' title='bbox 281 3734 399 3787; x_wconf 87' lang='lat' dir='ltr'><strong>tertiam.</strong></span> <span class='ocrx_word' id='word_1_531' title='bbox 418 3728 538 3785; x_wconf 77' lang='lat' dir='ltr'><strong>audens</strong></span> <span class='ocrx_word' id='word_1_532' title='bbox 551 3731 622 3784; x_wconf 84' lang='lat' dir='ltr'><strong>enim</strong></span> <span class='ocrx_word' id='word_1_533' title='bbox 643 3737 742 3799; x_wconf 85' lang='lat' dir='ltr'><strong>quauta</strong></span> <span class='ocrx_word' id='word_1_534' title='bbox 756 3729 791 3783; x_wconf 85' lang='lat' dir='ltr'><strong>sit</strong></span> <span class='ocrx_word' id='word_1_535' title='bbox 808 3728 889 3783; x_wconf 78' lang='lat' dir='ltr'><strong>tirsus</strong></span> <span class='ocrx_word' id='word_1_536' title='bbox 903 3728 969 3783; x_wconf 89' lang='lat' dir='ltr'><strong>ube·</strong></span> <span class='ocrx_word' id='word_1_537' title='bbox 1020 3727 1238 3793; x_wconf 67' lang='lat' dir='ltr'><strong>lautumiarum</strong></span> <span class='ocrx_word' id='word_1_538' title='bbox 1251 3727 1568 3796; x_wconf 81' lang='lat' dir='ltr'><strong>primocreremuuiarum</strong></span> <span class='ocrx_word' id='word_1_539' title='bbox 1582 3729 1634 3782; x_wconf 92' lang='lat' dir='ltr'><strong>ritu</strong></span> <span class='ocrx_word' id='word_1_540' title='bbox 1646 3733 1812 3796; x_wconf 89' lang='lat' dir='ltr'><strong>consecrari,</strong></span> 
     </span>
     <span class='ocr_line' id='line_1_40' title="bbox 177 3816 1814 3888; baseline -0.002 -11"><span class='ocrx_word' id='word_1_541' title='bbox 177 3823 297 3886; x_wconf 82' lang='lat' dir='ltr'><strong>dientia,</strong></span> <span class='ocrx_word' id='word_1_542' title='bbox 312 3830 410 3888; x_wconf 91' lang='lat' dir='ltr'><strong>quauta</strong></span> <span class='ocrx_word' id='word_1_543' title='bbox 426 3820 551 3874; x_wconf 87' lang='lat' dir='ltr'><strong>mercede</strong></span> <span class='ocrx_word' id='word_1_544' title='bbox 571 3829 765 3882; x_wconf 86' lang='lat' dir='ltr'><strong>remuneretur,</strong></span> <span class='ocrx_word' id='word_1_545' title='bbox 789 3828 816 3872; x_wconf 91' lang='lat' dir='ltr'><strong>et</strong></span> <span class='ocrx_word' id='word_1_546' title='bbox 830 3819 888 3886; x_wconf 89' lang='lat' dir='ltr'><strong>ipse</strong></span> <span class='ocrx_word' id='word_1_547' title='bbox 909 3816 972 3872; x_wconf 90' lang='lat' dir='ltr'><strong>ube·</strong></span> <span class='ocrx_word' id='word_1_548' title='bbox 1021 3832 1075 3887; x_wconf 93' lang='lat' dir='ltr'><strong>quo</strong></span> <span class='ocrx_word' id='word_1_549' title='bbox 1088 3827 1184 3872; x_wconf 90' lang='lat' dir='ltr'><strong>cuncta</strong></span> <span class='ocrx_word' id='word_1_550' title='bbox 1199 3817 1328 3872; x_wconf 87' lang='lat' dir='ltr'><strong>diuinitus</strong></span> <span class='ocrx_word' id='word_1_551' title='bbox 1351 3828 1501 3882; x_wconf 90' lang='lat' dir='ltr'><strong>consecrat,</strong></span> <span class='ocrx_word' id='word_1_552' title='bbox 1527 3819 1612 3873; x_wconf 89' lang='lat' dir='ltr'><strong>etsie</strong></span> <span class='ocrx_word' id='word_1_553' title='bbox 1635 3833 1703 3873; x_wconf 87' lang='lat' dir='ltr'><strong>nora</strong></span> <span class='ocrx_word' id='word_1_554' title='bbox 1721 3820 1814 3888; x_wconf 70' lang='lat' dir='ltr'><strong>gratie</strong></span> 
     </span>
     <span class='ocr_line' id='line_1_41' title="bbox 180 3904 1815 3979; baseline 0 -14"><span class='ocrx_word' id='word_1_555' title='bbox 180 3910 308 3965; x_wconf 82' lang='lat' dir='ltr'><strong>dieutiam</strong></span> <span class='ocrx_word' id='word_1_556' title='bbox 334 3908 439 3962; x_wconf 85' lang='lat' dir='ltr'><strong>discere</strong></span> <span class='ocrx_word' id='word_1_557' title='bbox 465 3913 546 3974; x_wconf 87' lang='lat' dir='ltr'><strong>atque</strong></span> <span class='ocrx_word' id='word_1_558' title='bbox 578 3906 681 3962; x_wconf 87' lang='lat' dir='ltr'><strong>habere</strong></span> <span class='ocrx_word' id='word_1_559' title='bbox 708 3909 817 3975; x_wconf 87' lang='lat' dir='ltr'><strong>satagis.</strong></span> <span class='ocrx_word' id='word_1_560' title='bbox 845 3904 922 3973; x_wconf 83' lang='lat' dir='ltr'><strong>Quod</strong></span> <span class='ocrx_word' id='word_1_561' title='bbox 948 3907 971 3961; x_wconf 92' lang='lat' dir='ltr'><strong>si</strong></span> <span class='ocrx_word' id='word_1_562' title='bbox 1022 3920 1187 3965; x_wconf 90' lang='lat' dir='ltr'><strong>sacramenta</strong></span> <span class='ocrx_word' id='word_1_563' title='bbox 1203 3909 1341 3979; x_wconf 89' lang='lat' dir='ltr'><strong>suscipere</strong></span> <span class='ocrx_word' id='word_1_564' title='bbox 1353 3910 1432 3966; x_wconf 86' lang='lat' dir='ltr'><strong>siruul</strong></span> <span class='ocrx_word' id='word_1_565' title='bbox 1448 3921 1473 3965; x_wconf 91' lang='lat' dir='ltr'><strong>ct</strong></span> <span class='ocrx_word' id='word_1_566' title='bbox 1493 3910 1600 3966; x_wconf 88' lang='lat' dir='ltr'><strong>tradere</strong></span> <span class='ocrx_word' id='word_1_567' title='bbox 1613 3911 1728 3966; x_wconf 88' lang='lat' dir='ltr'><strong>curarit.</strong></span> <span class='ocrx_word' id='word_1_568' title='bbox 1743 3911 1815 3966; x_wconf 81' lang='lat' dir='ltr'><strong>Ecce</strong></span> 
     </span>
     <span class='ocr_line' id='line_1_42' title="bbox 180 3994 1816 4071; baseline 0.001 -18"><span class='ocrx_word' id='word_1_569' title='bbox 180 3995 391 4054; x_wconf 85' lang='lat' dir='ltr'><strong>immolationem</strong></span> <span class='ocrx_word' id='word_1_570' title='bbox 415 3994 464 4048; x_wconf 86' lang='lat' dir='ltr'><strong>lilii</strong></span> <span class='ocrx_word' id='word_1_571' title='bbox 488 3994 559 4049; x_wconf 90' lang='lat' dir='ltr'><strong>unici</strong></span> <span class='ocrx_word' id='word_1_572' title='bbox 580 3994 670 4049; x_wconf 90' lang='lat' dir='ltr'><strong>dilecti</strong></span> <span class='ocrx_word' id='word_1_573' title='bbox 687 3997 837 4062; x_wconf 88' lang='lat' dir='ltr'><strong>passionem</strong></span> <span class='ocrx_word' id='word_1_574' title='bbox 859 3997 918 4068; x_wconf 83' lang='lat' dir='ltr'><strong>rjus</strong></span> <span class='ocrx_word' id='word_1_575' title='bbox 933 3997 972 4050; x_wconf 94' lang='lat' dir='ltr'><strong>iu·</strong></span> <span class='ocrx_word' id='word_1_576' title='bbox 1023 3998 1115 4071; x_wconf 77' lang='lat' dir='ltr'><strong>hydria</strong></span> <span class='ocrx_word' id='word_1_577' title='bbox 1128 4006 1204 4054; x_wconf 84' lang='lat' dir='ltr'><strong>serta</strong></span> <span class='ocrx_word' id='word_1_578' title='bbox 1226 3998 1259 4054; x_wconf 88' lang='lat' dir='ltr'><strong>ad</strong></span> <span class='ocrx_word' id='word_1_579' title='bbox 1283 3998 1415 4054; x_wconf 88' lang='lat' dir='ltr'><strong>abluenda</strong></span> <span class='ocrx_word' id='word_1_580' title='bbox 1438 4000 1540 4068; x_wconf 85' lang='lat' dir='ltr'><strong>peccati</strong></span> <span class='ocrx_word' id='word_1_581' title='bbox 1564 4000 1697 4069; x_wconf 71' lang='lat' dir='ltr'><strong>contagia,</strong></span> <span class='ocrx_word' id='word_1_582' title='bbox 1714 3998 1747 4053; x_wconf 88' lang='lat' dir='ltr'><strong>ad</strong></span> <span class='ocrx_word' id='word_1_583' title='bbox 1768 4015 1816 4068; x_wconf 88' lang='lat' dir='ltr'><strong>pn·</strong></span> 
     </span>
     <span class='ocr_line' id='line_1_43' title="bbox 181 4084 1816 4158; baseline 0.002 -16"><span class='ocrx_word' id='word_1_584' title='bbox 181 4086 288 4157; x_wconf 84' lang='lat' dir='ltr'><strong>telligis,</strong></span> <span class='ocrx_word' id='word_1_585' title='bbox 312 4089 346 4142; x_wconf 90' lang='lat' dir='ltr'><strong>de</strong></span> <span class='ocrx_word' id='word_1_586' title='bbox 369 4099 423 4155; x_wconf 88' lang='lat' dir='ltr'><strong>quo</strong></span> <span class='ocrx_word' id='word_1_587' title='bbox 443 4085 508 4139; x_wconf 90' lang='lat' dir='ltr'><strong>dicit</strong></span> <span class='ocrx_word' id='word_1_588' title='bbox 531 4084 611 4139; x_wconf 83' lang='lat' dir='ltr'><strong>Pater</strong></span> <span class='ocrx_word' id='word_1_589' title='bbox 636 4103 641 4138; x_wconf 95' lang='lat'><strong>:</strong></span> <span class='ocrx_word' id='word_1_590' title='bbox 665 4084 717 4139; x_wconf 81' lang='lat' dir='ltr'><strong>liic</strong></span> <span class='ocrx_word' id='word_1_591' title='bbox 738 4095 777 4141; x_wconf 86' lang='lat' dir='ltr'><strong>ert</strong></span> <span class='ocrx_word' id='word_1_592' title='bbox 801 4085 884 4141; x_wconf 81' lang='lat' dir='ltr'><strong>Filius</strong></span> <span class='ocrx_word' id='word_1_593' title='bbox 903 4102 972 4142; x_wconf 83' lang='lat' dir='ltr'><strong>uteru</strong></span> <span class='ocrx_word' id='word_1_594' title='bbox 1022 4089 1102 4144; x_wconf 91' lang='lat' dir='ltr'><strong>tanda</strong></span> <span class='ocrx_word' id='word_1_595' title='bbox 1124 4089 1184 4143; x_wconf 83' lang='lat' dir='ltr'><strong>ritae</strong></span> <span class='ocrx_word' id='word_1_596' title='bbox 1207 4090 1303 4158; x_wconf 88' lang='lat' dir='ltr'><strong>gaudia</strong></span> <span class='ocrx_word' id='word_1_597' title='bbox 1329 4091 1495 4145; x_wconf 75' lang='lat' dir='ltr'><strong>iucundiorem</strong></span> <span class='ocrx_word' id='word_1_598' title='bbox 1514 4092 1620 4145; x_wconf 83' lang='lat' dir='ltr'><strong>ecstor-is</strong></span> <span class='ocrx_word' id='word_1_599' title='bbox 1636 4090 1816 4145; x_wconf 82' lang='lat' dir='ltr'><strong>afferensuu·</strong></span> 
     </span>
     <span class='ocr_line' id='line_1_44' title="bbox 180 4177 1813 4251; baseline -0.002 -15"><span class='ocrx_word' id='word_1_600' title='bbox 180 4183 300 4249; x_wconf 80' lang='lat' dir='ltr'><strong>dilectus,</strong></span> <span class='ocrx_word' id='word_1_601' title='bbox 317 4182 343 4234; x_wconf 90' lang='lat' dir='ltr'><strong>iu</strong></span> <span class='ocrx_word' id='word_1_602' title='bbox 357 4196 407 4251; x_wconf 86' lang='lat' dir='ltr'><strong>quo</strong></span> <span class='ocrx_word' id='word_1_603' title='bbox 420 4180 484 4233; x_wconf 84' lang='lat' dir='ltr'><strong>milri</strong></span> <span class='ocrx_word' id='word_1_604' title='bbox 498 4180 561 4233; x_wconf 82' lang='lat' dir='ltr'><strong>leue</strong></span> <span class='ocrx_word' id='word_1_605' title='bbox 580 4179 722 4249; x_wconf 85' lang='lat' dir='ltr'><strong>complacui</strong></span> <span class='ocrx_word' id='word_1_606' title='bbox 743 4177 849 4248; x_wconf 78' lang='lat' dir='ltr'><strong>(dorth.</strong></span> <span class='ocrx_word' id='word_1_607' title='bbox 870 4178 929 4250; x_wconf 90' lang='lat' dir='ltr'><strong>ttt);</strong></span> <span class='ocrx_word' id='word_1_608' title='bbox 944 4179 971 4234; x_wconf 94' lang='lat' dir='ltr'><strong>iu</strong></span> <span class='ocrx_word' id='word_1_609' title='bbox 1023 4179 1095 4233; x_wconf 89' lang='lat' dir='ltr'><strong>dam.</strong></span> <span class='ocrx_word' id='word_1_610' title='bbox 1109 4178 1207 4233; x_wconf 81' lang='lat' dir='ltr'><strong>Verum</strong></span> <span class='ocrx_word' id='word_1_611' title='bbox 1220 4180 1242 4234; x_wconf 93' lang='lat' dir='ltr'><strong>si</strong></span> <span class='ocrx_word' id='word_1_612' title='bbox 1256 4180 1282 4233; x_wconf 94' lang='lat' dir='ltr'><strong>in</strong></span> <span class='ocrx_word' id='word_1_613' title='bbox 1293 4179 1379 4233; x_wconf 81' lang='lat' dir='ltr'><strong>octavi</strong></span> <span class='ocrx_word' id='word_1_614' title='bbox 1392 4179 1443 4234; x_wconf 87' lang='lat' dir='ltr'><strong>diei</strong></span> <span class='ocrx_word' id='word_1_615' title='bbox 1457 4180 1660 4234; x_wconf 89' lang='lat' dir='ltr'><strong>circumcisione</strong></span> <span class='ocrx_word' id='word_1_616' title='bbox 1668 4180 1813 4250; x_wconf 82' lang='lat' dir='ltr'><strong>baptisma,</strong></span> 
     </span>
     <span class='ocr_line' id='line_1_45' title="bbox 180 4268 1816 4342; baseline -0.001 -15"><span class='ocrx_word' id='word_1_617' title='bbox 180 4287 232 4342; x_wconf 88' lang='lat' dir='ltr'><strong>qua</strong></span> <span class='ocrx_word' id='word_1_618' title='bbox 252 4272 313 4341; x_wconf 90' lang='lat' dir='ltr'><strong>quia</strong></span> <span class='ocrx_word' id='word_1_619' title='bbox 337 4270 478 4323; x_wconf 84' lang='lat' dir='ltr'><strong>diuinitate</strong></span> <span class='ocrx_word' id='word_1_620' title='bbox 507 4268 665 4338; x_wconf 89' lang='lat' dir='ltr'><strong>impassibili</strong></span> <span class='ocrx_word' id='word_1_621' title='bbox 695 4281 889 4338; x_wconf 86' lang='lat' dir='ltr'><strong>permanente,</strong></span> <span class='ocrx_word' id='word_1_622' title='bbox 915 4269 971 4323; x_wconf 86' lang='lat' dir='ltr'><strong>soht</strong></span> <span class='ocrx_word' id='word_1_623' title='bbox 1023 4271 1093 4340; x_wconf 90' lang='lat' dir='ltr'><strong>quod</strong></span> <span class='ocrx_word' id='word_1_624' title='bbox 1117 4272 1143 4325; x_wconf 91' lang='lat' dir='ltr'><strong>iu</strong></span> <span class='ocrx_word' id='word_1_625' title='bbox 1159 4272 1313 4341; x_wconf 76' lang='lat' dir='ltr'><strong>mysterium</strong></span> <span class='ocrx_word' id='word_1_626' title='bbox 1329 4271 1474 4326; x_wconf 83' lang='lat' dir='ltr'><strong>barttinicac</strong></span> <span class='ocrx_word' id='word_1_627' title='bbox 1487 4273 1727 4328; x_wconf 87' lang='lat' dir='ltr'><strong>resurrectiortisa</strong></span> <span class='ocrx_word' id='word_1_628' title='bbox 1753 4288 1816 4340; x_wconf 88' lang='lat' dir='ltr'><strong>pec·</strong></span> 
     </span>
     <span class='ocr_line' id='line_1_46' title="bbox 181 4357 1819 4454; baseline 0.001 -39"><span class='ocrx_word' id='word_1_629' title='bbox 181 4360 333 4416; x_wconf 87' lang='lat' dir='ltr'><strong>butttauitas</strong></span> <span class='ocrx_word' id='word_1_630' title='bbox 346 4367 458 4413; x_wconf 82' lang='lat' dir='ltr'><strong>mortem</strong></span> <span class='ocrx_word' id='word_1_631' title='bbox 475 4372 553 4427; x_wconf 84' lang='lat' dir='ltr'><strong>passa</strong></span> <span class='ocrx_word' id='word_1_632' title='bbox 567 4365 649 4412; x_wconf 91' lang='lat' dir='ltr'><strong>estet</strong></span> <span class='ocrx_word' id='word_1_633' title='bbox 664 4357 795 4425; x_wconf 87' lang='lat' dir='ltr'><strong>dolorem,</strong></span> <span class='ocrx_word' id='word_1_634' title='bbox 812 4359 886 4426; x_wconf 89' lang='lat' dir='ltr'><strong>quasi</strong></span> <span class='ocrx_word' id='word_1_635' title='bbox 902 4358 972 4414; x_wconf 90' lang='lat' dir='ltr'><strong>lilius</strong></span> <span class='ocrx_word' id='word_1_636' title='bbox 986 4369 1143 4454; x_wconf 61' lang='lat' dir='ltr'><strong>„catorum</strong></span> <span class='ocrx_word' id='word_1_637' title='bbox 1155 4375 1204 4416; x_wconf 91' lang='lat' dir='ltr'><strong>uos</strong></span> <span class='ocrx_word' id='word_1_638' title='bbox 1216 4371 1302 4416; x_wconf 89' lang='lat' dir='ltr'><strong>morte</strong></span> <span class='ocrx_word' id='word_1_639' title='bbox 1314 4361 1437 4427; x_wconf 89' lang='lat' dir='ltr'><strong>redemit,</strong></span> <span class='ocrx_word' id='word_1_640' title='bbox 1449 4361 1610 4431; x_wconf 86' lang='lat' dir='ltr'><strong>intelligens,</strong></span> <span class='ocrx_word' id='word_1_641' title='bbox 1623 4363 1650 4417; x_wconf 91' lang='lat' dir='ltr'><strong>iu</strong></span> <span class='ocrx_word' id='word_1_642' title='bbox 1660 4363 1819 4422; x_wconf 76' lang='lat' dir='ltr'><strong>inductione</strong></span> 
     </span>
     <span class='ocr_line' id='line_1_47' title="bbox 180 4446 1816 4523; baseline 0.001 -17"><span class='ocrx_word' id='word_1_643' title='bbox 180 4450 306 4515; x_wconf 77' lang='lat' dir='ltr'><strong>offertur,</strong></span> <span class='ocrx_word' id='word_1_644' title='bbox 321 4448 369 4504; x_wconf 88' lang='lat' dir='ltr'><strong>sed</strong></span> <span class='ocrx_word' id='word_1_645' title='bbox 384 4447 454 4502; x_wconf 89' lang='lat' dir='ltr'><strong>aries</strong></span> <span class='ocrx_word' id='word_1_646' title='bbox 467 4456 610 4502; x_wconf 83' lang='lat' dir='ltr'><strong>mactatur.</strong></span> <span class='ocrx_word' id='word_1_647' title='bbox 623 4446 653 4501; x_wconf 86' lang='lat' dir='ltr'><strong>st</strong></span> <span class='ocrx_word' id='word_1_648' title='bbox 668 4447 794 4516; x_wconf 87' lang='lat' dir='ltr'><strong>intelligis</strong></span> <span class='ocrx_word' id='word_1_649' title='bbox 810 4448 973 4503; x_wconf 88' lang='lat' dir='ltr'><strong>benedictio·</strong></span> <span class='ocrx_word' id='word_1_650' title='bbox 1025 4453 1051 4506; x_wconf 93' lang='lat' dir='ltr'><strong>iu</strong></span> <span class='ocrx_word' id='word_1_651' title='bbox 1068 4453 1195 4522; x_wconf 87' lang='lat' dir='ltr'><strong>ternplum</strong></span> <span class='ocrx_word' id='word_1_652' title='bbox 1206 4465 1233 4508; x_wconf 90' lang='lat' dir='ltr'><strong>et</strong></span> <span class='ocrx_word' id='word_1_653' title='bbox 1243 4453 1377 4508; x_wconf 87' lang='lat' dir='ltr'><strong>oblatione</strong></span> <span class='ocrx_word' id='word_1_654' title='bbox 1391 4455 1485 4507; x_wconf 76' lang='lat' dir='ltr'><strong>bustiae</strong></span> <span class='ocrx_word' id='word_1_655' title='bbox 1496 4453 1662 4521; x_wconf 90' lang='lat' dir='ltr'><strong>purilicantis</strong></span> <span class='ocrx_word' id='word_1_656' title='bbox 1673 4455 1816 4523; x_wconf 88' lang='lat' dir='ltr'><strong>liguratuut</strong></span> 
     </span>
     <span class='ocr_line' id='line_1_48' title="bbox 184 4535 1816 4615; baseline 0.002 -18"><span class='ocrx_word' id='word_1_657' title='bbox 184 4556 256 4608; x_wconf 94' lang='lat' dir='ltr'><strong>nem,</strong></span> <span class='ocrx_word' id='word_1_658' title='bbox 273 4555 331 4609; x_wconf 85' lang='lat' dir='ltr'><strong>quac</strong></span> <span class='ocrx_word' id='word_1_659' title='bbox 347 4537 477 4608; x_wconf 90' lang='lat' dir='ltr'><strong>promissa</strong></span> <span class='ocrx_word' id='word_1_660' title='bbox 492 4547 534 4592; x_wconf 91' lang='lat' dir='ltr'><strong>est</strong></span> <span class='ocrx_word' id='word_1_661' title='bbox 557 4535 682 4604; x_wconf 77' lang='lat' dir='ltr'><strong>abraba,</strong></span> <span class='ocrx_word' id='word_1_662' title='bbox 699 4538 724 4590; x_wconf 93' lang='lat' dir='ltr'><strong>iu</strong></span> <span class='ocrx_word' id='word_1_663' title='bbox 749 4546 775 4592; x_wconf 90' lang='lat' dir='ltr'><strong>te</strong></span> <span class='ocrx_word' id='word_1_664' title='bbox 793 4536 827 4591; x_wconf 84' lang='lat' dir='ltr'><strong>ds</strong></span> <span class='ocrx_word' id='word_1_665' title='bbox 848 4539 973 4607; x_wconf 87' lang='lat' dir='ltr'><strong>gentibus</strong></span> <span class='ocrx_word' id='word_1_666' title='bbox 1024 4543 1174 4614; x_wconf 84' lang='lat' dir='ltr'><strong>cognoscis,</strong></span> <span class='ocrx_word' id='word_1_667' title='bbox 1196 4544 1289 4601; x_wconf 88' lang='lat' dir='ltr'><strong>lideles</strong></span> <span class='ocrx_word' id='word_1_668' title='bbox 1312 4559 1433 4615; x_wconf 86' lang='lat' dir='ltr'><strong>quosque</strong></span> <span class='ocrx_word' id='word_1_669' title='bbox 1446 4546 1480 4599; x_wconf 86' lang='lat' dir='ltr'><strong>de</strong></span> <span class='ocrx_word' id='word_1_670' title='bbox 1506 4544 1662 4615; x_wconf 85' lang='lat' dir='ltr'><strong>baptisterio</strong></span> <span class='ocrx_word' id='word_1_671' title='bbox 1681 4545 1715 4599; x_wconf 92' lang='lat' dir='ltr'><strong>ad</strong></span> <span class='ocrx_word' id='word_1_672' title='bbox 1730 4548 1816 4601; x_wconf 88' lang='lat' dir='ltr'><strong>altare</strong></span> 
     </span>
     <span class='ocr_line' id='line_1_49' title="bbox 181 4626 1816 4706; baseline 0.008 -27"><span class='ocrx_word' id='word_1_673' title='bbox 181 4628 324 4688; x_wconf 68' lang='lat' dir='ltr'><strong>credendis</strong></span> <span class='ocrx_word' id='word_1_674' title='bbox 348 4643 445 4684; x_wconf 88' lang='lat' dir='ltr'><strong>munus</strong></span> <span class='ocrx_word' id='word_1_675' title='bbox 464 4642 525 4683; x_wconf 88' lang='lat' dir='ltr'><strong>esse</strong></span> <span class='ocrx_word' id='word_1_676' title='bbox 548 4626 722 4697; x_wconf 85' lang='lat' dir='ltr'><strong>eourpletum,</strong></span> <span class='ocrx_word' id='word_1_677' title='bbox 737 4628 863 4682; x_wconf 90' lang='lat' dir='ltr'><strong>nimirum</strong></span> <span class='ocrx_word' id='word_1_678' title='bbox 880 4627 974 4685; x_wconf 84' lang='lat' dir='ltr'><strong>libide</strong></span> <span class='ocrx_word' id='word_1_679' title='bbox 1024 4645 1145 4690; x_wconf 89' lang='lat' dir='ltr'><strong>sanctum</strong></span> <span class='ocrx_word' id='word_1_680' title='bbox 1168 4636 1280 4705; x_wconf 83' lang='lat' dir='ltr'><strong>ingredi,</strong></span> <span class='ocrx_word' id='word_1_681' title='bbox 1308 4651 1339 4690; x_wconf 89' lang='lat' dir='ltr'><strong>ac</strong></span> <span class='ocrx_word' id='word_1_682' title='bbox 1353 4636 1483 4691; x_wconf 83' lang='lat' dir='ltr'><strong>bominici</strong></span> <span class='ocrx_word' id='word_1_683' title='bbox 1505 4637 1625 4705; x_wconf 91' lang='lat' dir='ltr'><strong>eorporis</strong></span> <span class='ocrx_word' id='word_1_684' title='bbox 1637 4637 1816 4706; x_wconf 88' lang='lat' dir='ltr'><strong>etsanguiuia</strong></span> 
     </span>
     <span class='ocr_line' id='line_1_50' title="bbox 182 4719 1814 4798; baseline 0.006 -22"><span class='ocrx_word' id='word_1_685' title='bbox 182 4738 250 4793; x_wconf 88' lang='lat' dir='ltr'><strong>aqua</strong></span> <span class='ocrx_word' id='word_1_686' title='bbox 273 4723 365 4776; x_wconf 80' lang='lat' dir='ltr'><strong>virtum</strong></span> <span class='ocrx_word' id='word_1_687' title='bbox 386 4719 461 4786; x_wconf 86' lang='lat' dir='ltr'><strong>iecit,</strong></span> <span class='ocrx_word' id='word_1_688' title='bbox 483 4720 545 4788; x_wconf 86' lang='lat' dir='ltr'><strong>quia</strong></span> <span class='ocrx_word' id='word_1_689' title='bbox 566 4720 731 4789; x_wconf 82' lang='lat' dir='ltr'><strong>spiritualem</strong></span> <span class='ocrx_word' id='word_1_690' title='bbox 753 4733 874 4785; x_wconf 71' lang='lat' dir='ltr'><strong>sensum.</strong></span> <span class='ocrx_word' id='word_1_691' title='bbox 896 4722 973 4792; x_wconf 67' lang='lat' dir='ltr'>⁶⁰1⁰ss</span> <span class='ocrx_word' id='word_1_692' title='bbox 1023 4727 1131 4784; x_wconf 86' lang='lat' dir='ltr'><strong>uictima</strong></span> <span class='ocrx_word' id='word_1_693' title='bbox 1146 4728 1272 4798; x_wconf 90' lang='lat' dir='ltr'><strong>singulari</strong></span> <span class='ocrx_word' id='word_1_694' title='bbox 1287 4728 1384 4783; x_wconf 90' lang='lat' dir='ltr'><strong>debere</strong></span> <span class='ocrx_word' id='word_1_695' title='bbox 1398 4729 1561 4792; x_wconf 85' lang='lat' dir='ltr'><strong>consecrari,</strong></span> <span class='ocrx_word' id='word_1_696' title='bbox 1574 4729 1635 4781; x_wconf 86' lang='lat' dir='ltr'><strong>uitta</strong></span> <span class='ocrx_word' id='word_1_697' title='bbox 1656 4729 1763 4796; x_wconf 83' lang='lat' dir='ltr'><strong>quidem</strong></span> <span class='ocrx_word' id='word_1_698' title='bbox 1779 4728 1814 4785; x_wconf 86' lang='lat' dir='ltr'><strong>de</strong></span> 
     </span>
     <span class='ocr_line' id='line_1_51' title="bbox 185 4810 1817 4888; baseline 0.006 -22"><span class='ocrx_word' id='word_1_699' title='bbox 185 4827 252 4866; x_wconf 89' lang='lat' dir='ltr'><strong>ttura</strong></span> <span class='ocrx_word' id='word_1_700' title='bbox 278 4811 423 4881; x_wconf 86' lang='lat' dir='ltr'><strong>i&#39;ragrantia</strong></span> <span class='ocrx_word' id='word_1_701' title='bbox 447 4810 599 4880; x_wconf 88' lang='lat' dir='ltr'><strong>inebriaris,</strong></span> <span class='ocrx_word' id='word_1_702' title='bbox 626 4812 741 4880; x_wconf 89' lang='lat' dir='ltr'><strong>aperuit.</strong></span> <span class='ocrx_word' id='word_1_703' title='bbox 757 4812 865 4879; x_wconf 71' lang='lat' dir='ltr'><strong>Quarta)</strong></span> <span class='ocrx_word' id='word_1_704' title='bbox 887 4815 973 4868; x_wconf 83' lang='lat' dir='ltr'><strong>aratis</strong></span> <span class='ocrx_word' id='word_1_705' title='bbox 1024 4834 1092 4888; x_wconf 85' lang='lat' dir='ltr'><strong>aqua</strong></span> <span class='ocrx_word' id='word_1_706' title='bbox 1106 4817 1186 4883; x_wconf 86' lang='lat' dir='ltr'><strong>lacto,</strong></span> <span class='ocrx_word' id='word_1_707' title='bbox 1199 4821 1343 4888; x_wconf 87' lang='lat' dir='ltr'><strong>etquidem</strong></span> <span class='ocrx_word' id='word_1_708' title='bbox 1356 4819 1539 4872; x_wconf 88' lang='lat' dir='ltr'><strong>meracissimo</strong></span> <span class='ocrx_word' id='word_1_709' title='bbox 1551 4819 1665 4872; x_wconf 90' lang='lat' dir='ltr'><strong>danatus</strong></span> <span class='ocrx_word' id='word_1_710' title='bbox 1675 4835 1715 4873; x_wconf 92' lang='lat' dir='ltr'><strong>es.</strong></span> <span class='ocrx_word' id='word_1_711' title='bbox 1730 4820 1817 4875; x_wconf 85' lang='lat' dir='ltr'><strong>l&#39;urro</strong></span> 
     </span>
     <span class='ocr_line' id='line_1_52' title="bbox 184 4901 1817 4979; baseline 0.005 -22"><span class='ocrx_word' id='word_1_712' title='bbox 184 4901 267 4957; x_wconf 88' lang='lat' dir='ltr'><strong>initiis</strong></span> <span class='ocrx_word' id='word_1_713' title='bbox 292 4903 373 4956; x_wconf 86' lang='lat' dir='ltr'><strong>bauid</strong></span> <span class='ocrx_word' id='word_1_714' title='bbox 395 4917 444 4970; x_wconf 90' lang='lat' dir='ltr'><strong>pro</strong></span> <span class='ocrx_word' id='word_1_715' title='bbox 461 4905 549 4958; x_wconf 90' lang='lat' dir='ltr'><strong>salute</strong></span> <span class='ocrx_word' id='word_1_716' title='bbox 575 4918 686 4972; x_wconf 90' lang='lat' dir='ltr'><strong>reguum</strong></span> <span class='ocrx_word' id='word_1_717' title='bbox 713 4903 864 4960; x_wconf 76' lang='lat' dir='ltr'><strong>israeliticos</strong></span> <span class='ocrx_word' id='word_1_718' title='bbox 885 4907 973 4975; x_wconf 90' lang='lat' dir='ltr'><strong>gentis</strong></span> <span class='ocrx_word' id='word_1_719' title='bbox 1024 4911 1047 4964; x_wconf 90' lang='lat' dir='ltr'><strong>si</strong></span> <span class='ocrx_word' id='word_1_720' title='bbox 1061 4909 1274 4964; x_wconf 85' lang='lat' dir='ltr'><strong>circumcisionis</strong></span> <span class='ocrx_word' id='word_1_721' title='bbox 1286 4910 1355 4964; x_wconf 89' lang='lat' dir='ltr'><strong>dictu</strong></span> <span class='ocrx_word' id='word_1_722' title='bbox 1370 4908 1404 4962; x_wconf 89' lang='lat' dir='ltr'><strong>ad</strong></span> <span class='ocrx_word' id='word_1_723' title='bbox 1418 4912 1571 4979; x_wconf 86' lang='lat' dir='ltr'><strong>generalem</strong></span> <span class='ocrx_word' id='word_1_724' title='bbox 1586 4909 1673 4964; x_wconf 89' lang='lat' dir='ltr'><strong>huma·</strong></span> <span class='ocrx_word' id='word_1_725' title='bbox 1685 4910 1694 4963; x_wconf 90' lang='lat' dir='ltr'><strong>i</strong></span> <span class='ocrx_word' id='word_1_726' title='bbox 1708 4913 1817 4979; x_wconf 81' lang='lat' dir='ltr'><strong>generis</strong></span> 
     </span>
     <span class='ocr_line' id='line_1_53' title="bbox 184 4991 1815 5068; baseline 0.002 -18"><span class='ocrx_word' id='word_1_727' title='bbox 184 4995 307 5058; x_wconf 86' lang='lat' dir='ltr'><strong>sortitur,</strong></span> <span class='ocrx_word' id='word_1_728' title='bbox 331 4991 450 5059; x_wconf 87' lang='lat' dir='ltr'><strong>humilis,</strong></span> <span class='ocrx_word' id='word_1_729' title='bbox 476 4995 604 5048; x_wconf 89' lang='lat' dir='ltr'><strong>irtrtocens</strong></span> <span class='ocrx_word' id='word_1_730' title='bbox 624 5003 651 5048; x_wconf 91' lang='lat' dir='ltr'><strong>et</strong></span> <span class='ocrx_word' id='word_1_731' title='bbox 670 4994 752 5062; x_wconf 87' lang='lat' dir='ltr'><strong>uritis,</strong></span> <span class='ocrx_word' id='word_1_732' title='bbox 765 4997 839 5050; x_wconf 83' lang='lat' dir='ltr'><strong>exsul</strong></span> <span class='ocrx_word' id='word_1_733' title='bbox 859 5010 908 5065; x_wconf 88' lang='lat' dir='ltr'><strong>pru</strong></span> <span class='ocrx_word' id='word_1_734' title='bbox 927 4997 974 5052; x_wconf 90' lang='lat' dir='ltr'><strong>illo</strong></span> <span class='ocrx_word' id='word_1_735' title='bbox 1025 4999 1259 5065; x_wconf 89' lang='lat' dir='ltr'><strong>resurrectionem,</strong></span> <span class='ocrx_word' id='word_1_736' title='bbox 1275 4997 1382 5066; x_wconf 91' lang='lat' dir='ltr'><strong>quaudo</strong></span> <span class='ocrx_word' id='word_1_737' title='bbox 1406 4999 1528 5052; x_wconf 87' lang='lat' dir='ltr'><strong>mortalis</strong></span> <span class='ocrx_word' id='word_1_738' title='bbox 1553 5012 1670 5067; x_wconf 88' lang='lat' dir='ltr'><strong>propago</strong></span> <span class='ocrx_word' id='word_1_739' title='bbox 1687 5000 1815 5068; x_wconf 86' lang='lat' dir='ltr'><strong>cessabit,</strong></span> 
     </span>
     <span class='ocr_line' id='line_1_54' title="bbox 185 5083 1816 5156; baseline 0.003 -15"><span class='ocrx_word' id='word_1_740' title='bbox 185 5085 262 5155; x_wconf 87' lang='lat' dir='ltr'><strong>cujus</strong></span> <span class='ocrx_word' id='word_1_741' title='bbox 288 5083 386 5152; x_wconf 80' lang='lat' dir='ltr'><strong>injusta</strong></span> <span class='ocrx_word' id='word_1_742' title='bbox 413 5083 458 5137; x_wconf 89' lang='lat' dir='ltr'><strong>diu</strong></span> <span class='ocrx_word' id='word_1_743' title='bbox 484 5086 670 5151; x_wconf 90' lang='lat' dir='ltr'><strong>persecutione</strong></span> <span class='ocrx_word' id='word_1_744' title='bbox 697 5086 875 5140; x_wconf 87' lang='lat' dir='ltr'><strong>cruciabatur.</strong></span> <span class='ocrx_word' id='word_1_745' title='bbox 905 5087 974 5143; x_wconf 85' lang='lat' dir='ltr'><strong>Ecce</strong></span> <span class='ocrx_word' id='word_1_746' title='bbox 1024 5088 1280 5144; x_wconf 88' lang='lat' dir='ltr'><strong>etmortalitastota</strong></span> <span class='ocrx_word' id='word_1_747' title='bbox 1301 5086 1328 5140; x_wconf 94' lang='lat' dir='ltr'><strong>iu</strong></span> <span class='ocrx_word' id='word_1_748' title='bbox 1352 5088 1579 5143; x_wconf 88' lang='lat' dir='ltr'><strong>immortalitatem</strong></span> <span class='ocrx_word' id='word_1_749' title='bbox 1603 5091 1758 5156; x_wconf 83' lang='lat' dir='ltr'><strong>mutabitur,</strong></span> <span class='ocrx_word' id='word_1_750' title='bbox 1774 5091 1816 5145; x_wconf 91' lang='lat' dir='ltr'><strong>iu-</strong></span> 
     </span>
     <span class='ocr_line' id='line_1_55' title="bbox 186 5170 1816 5248; baseline 0.002 -16"><span class='ocrx_word' id='word_1_751' title='bbox 186 5175 279 5247; x_wconf 74' lang='lat' dir='ltr'><strong>quria</strong></span> <span class='ocrx_word' id='word_1_752' title='bbox 303 5182 397 5242; x_wconf 90' lang='lat' dir='ltr'><strong>quarta</strong></span> <span class='ocrx_word' id='word_1_753' title='bbox 419 5170 493 5228; x_wconf 86' lang='lat' dir='ltr'><strong>lente</strong></span> <span class='ocrx_word' id='word_1_754' title='bbox 517 5173 628 5228; x_wconf 91' lang='lat' dir='ltr'><strong>salutari</strong></span> <span class='ocrx_word' id='word_1_755' title='bbox 649 5175 760 5243; x_wconf 88' lang='lat' dir='ltr'><strong>repleta.</strong></span> <span class='ocrx_word' id='word_1_756' title='bbox 777 5177 902 5245; x_wconf 80' lang='lat' dir='ltr'><strong>Quisquis</strong></span> <span class='ocrx_word' id='word_1_757' title='bbox 917 5177 974 5233; x_wconf 78' lang='lat' dir='ltr'><strong>baec</strong></span> <span class='ocrx_word' id='word_1_758' title='bbox 1025 5179 1178 5248; x_wconf 88' lang='lat' dir='ltr'><strong>terpretaris</strong></span> <span class='ocrx_word' id='word_1_759' title='bbox 1195 5195 1202 5231; x_wconf 81' lang='lat' dir='ltr'><strong>a</strong></span> <span class='ocrx_word' id='word_1_760' title='bbox 1218 5188 1244 5232; x_wconf 90' lang='lat' dir='ltr'><strong>et</strong></span> <span class='ocrx_word' id='word_1_761' title='bbox 1257 5178 1431 5233; x_wconf 88' lang='lat' dir='ltr'><strong>circumcisos</strong></span> <span class='ocrx_word' id='word_1_762' title='bbox 1455 5179 1544 5234; x_wconf 92' lang='lat' dir='ltr'><strong>induci</strong></span> <span class='ocrx_word' id='word_1_763' title='bbox 1567 5179 1594 5232; x_wconf 92' lang='lat' dir='ltr'><strong>iu</strong></span> <span class='ocrx_word' id='word_1_764' title='bbox 1610 5179 1737 5247; x_wconf 91' lang='lat' dir='ltr'><strong>tempium</strong></span> <span class='ocrx_word' id='word_1_765' title='bbox 1752 5195 1816 5236; x_wconf 88' lang='lat' dir='ltr'><strong>cum</strong></span> 
     </span>
     <span class='ocr_line' id='line_1_56' title="bbox 185 5264 1816 5339; baseline 0.002 -16"><span class='ocrx_word' id='word_1_766' title='bbox 185 5269 296 5323; x_wconf 86' lang='lat' dir='ltr'><strong>audiens</strong></span> <span class='ocrx_word' id='word_1_767' title='bbox 311 5264 454 5320; x_wconf 89' lang='lat' dir='ltr'><strong>humilitati</strong></span> <span class='ocrx_word' id='word_1_768' title='bbox 473 5277 553 5336; x_wconf 90' lang='lat' dir='ltr'><strong>atque</strong></span> <span class='ocrx_word' id='word_1_769' title='bbox 575 5265 736 5321; x_wconf 71' lang='lat' dir='ltr'><strong>innocentiae</strong></span> <span class='ocrx_word' id='word_1_770' title='bbox 750 5267 870 5335; x_wconf 89' lang='lat' dir='ltr'><strong>studere,</strong></span> <span class='ocrx_word' id='word_1_771' title='bbox 886 5276 914 5324; x_wconf 92' lang='lat' dir='ltr'><strong>et</strong></span> <span class='ocrx_word' id='word_1_772' title='bbox 927 5284 973 5323; x_wconf 90' lang='lat' dir='ltr'><strong>su·</strong></span> <span class='ocrx_word' id='word_1_773' title='bbox 1024 5272 1120 5326; x_wconf 90' lang='lat' dir='ltr'><strong>hostiis</strong></span> <span class='ocrx_word' id='word_1_774' title='bbox 1133 5269 1307 5337; x_wconf 85' lang='lat' dir='ltr'><strong>intellexeris,</strong></span> <span class='ocrx_word' id='word_1_775' title='bbox 1319 5272 1426 5339; x_wconf 91' lang='lat' dir='ltr'><strong>quaudo</strong></span> <span class='ocrx_word' id='word_1_776' title='bbox 1441 5279 1501 5339; x_wconf 92' lang='lat' dir='ltr'><strong>post</strong></span> <span class='ocrx_word' id='word_1_777' title='bbox 1520 5273 1742 5326; x_wconf 88' lang='lat' dir='ltr'><strong>resurrectionem</strong></span> <span class='ocrx_word' id='word_1_778' title='bbox 1756 5275 1816 5329; x_wconf 90' lang='lat' dir='ltr'><strong>uni·</strong></span> 
     </span>
     <span class='ocr_line' id='line_1_57' title="bbox 185 5355 1818 5432; baseline 0.003 -18"><span class='ocrx_word' id='word_1_779' title='bbox 185 5360 305 5431; x_wconf 87' lang='lat' dir='ltr'><strong>perbiam</strong></span> <span class='ocrx_word' id='word_1_780' title='bbox 320 5357 433 5426; x_wconf 85' lang='lat' dir='ltr'><strong>coeperit</strong></span> <span class='ocrx_word' id='word_1_781' title='bbox 447 5367 527 5427; x_wconf 89' lang='lat' dir='ltr'><strong>atque</strong></span> <span class='ocrx_word' id='word_1_782' title='bbox 540 5355 666 5411; x_wconf 86' lang='lat' dir='ltr'><strong>inuidiam</strong></span> <span class='ocrx_word' id='word_1_783' title='bbox 681 5371 731 5410; x_wconf 87' lang='lat' dir='ltr'><strong>suo</strong></span> <span class='ocrx_word' id='word_1_784' title='bbox 742 5357 776 5412; x_wconf 88' lang='lat' dir='ltr'><strong>de</strong></span> <span class='ocrx_word' id='word_1_785' title='bbox 789 5359 871 5415; x_wconf 90' lang='lat' dir='ltr'><strong>corde</strong></span> <span class='ocrx_word' id='word_1_786' title='bbox 885 5361 974 5430; x_wconf 89' lang='lat' dir='ltr'><strong>repci·</strong></span> <span class='ocrx_word' id='word_1_787' title='bbox 1025 5364 1124 5419; x_wconf 81' lang='lat' dir='ltr'><strong>versall</strong></span> <span class='ocrx_word' id='word_1_788' title='bbox 1151 5363 1257 5432; x_wconf 81' lang='lat' dir='ltr'><strong>expleto</strong></span> <span class='ocrx_word' id='word_1_789' title='bbox 1281 5362 1383 5432; x_wconf 74' lang='lat' dir='ltr'><strong>iusticie</strong></span> <span class='ocrx_word' id='word_1_790' title='bbox 1409 5364 1493 5419; x_wconf 88' lang='lat' dir='ltr'><strong>sancti</strong></span> <span class='ocrx_word' id='word_1_791' title='bbox 1518 5362 1574 5432; x_wconf 75' lang='lat' dir='ltr'><strong>iam</strong></span> <span class='ocrx_word' id='word_1_792' title='bbox 1601 5364 1818 5432; x_wconf 79' lang='lat' dir='ltr'><strong>incorruptibiles</strong></span> 
     </span>
     <span class='ocr_line' id='line_1_58' title="bbox 186 5448 1818 5525; baseline 0.004 -20"><span class='ocrx_word' id='word_1_793' title='bbox 186 5451 252 5517; x_wconf 87' lang='lat' dir='ltr'><strong>lere,</strong></span> <span class='ocrx_word' id='word_1_794' title='bbox 268 5451 342 5521; x_wconf 90' lang='lat' dir='ltr'><strong>quasi</strong></span> <span class='ocrx_word' id='word_1_795' title='bbox 364 5450 488 5506; x_wconf 87' lang='lat' dir='ltr'><strong>baustum</strong></span> <span class='ocrx_word' id='word_1_796' title='bbox 512 5463 587 5518; x_wconf 83' lang='lat' dir='ltr'><strong>aquae</strong></span> <span class='ocrx_word' id='word_1_797' title='bbox 611 5448 815 5517; x_wconf 82' lang='lat' dir='ltr'><strong>limpidissimae,</strong></span> <span class='ocrx_word' id='word_1_798' title='bbox 840 5467 893 5521; x_wconf 89' lang='lat' dir='ltr'><strong>quo</strong></span> <span class='ocrx_word' id='word_1_799' title='bbox 913 5452 975 5509; x_wconf 89' lang='lat' dir='ltr'><strong>rell·</strong></span> <span class='ocrx_word' id='word_1_800' title='bbox 1025 5455 1097 5521; x_wconf 87' lang='lat' dir='ltr'><strong>lacti,</strong></span> <span class='ocrx_word' id='word_1_801' title='bbox 1112 5455 1146 5510; x_wconf 88' lang='lat' dir='ltr'><strong>ad</strong></span> <span class='ocrx_word' id='word_1_802' title='bbox 1169 5453 1401 5525; x_wconf 85' lang='lat' dir='ltr'><strong>contemplandam</strong></span> <span class='ocrx_word' id='word_1_803' title='bbox 1425 5463 1553 5525; x_wconf 85' lang='lat' dir='ltr'><strong>perpetuu</strong></span> <span class='ocrx_word' id='word_1_804' title='bbox 1576 5456 1693 5522; x_wconf 89' lang='lat' dir='ltr'><strong>speciem</strong></span> <span class='ocrx_word' id='word_1_805' title='bbox 1716 5454 1818 5512; x_wconf 75' lang='lat' dir='ltr'><strong>diviua</strong></span> 
     </span>
     <span class='ocr_line' id='line_1_59' title="bbox 164 5537 1817 5615; baseline 0.005 -22"><span class='ocrx_word' id='word_1_806' title='bbox 164 5568 167 5574; x_wconf 36' lang='grc' dir='ltr'><strong><em>ι</em></strong></span> <span class='ocrx_word' id='word_1_807' title='bbox 186 5540 282 5607; x_wconf 86' lang='lat' dir='ltr'><strong>ciatur,</strong></span> <span class='ocrx_word' id='word_1_808' title='bbox 302 5539 413 5596; x_wconf 79' lang='lat' dir='ltr'><strong>interit.</strong></span> <span class='ocrx_word' id='word_1_809' title='bbox 430 5537 465 5593; x_wconf 78' lang='lat' dir='ltr'><strong>ht</strong></span> <span class='ocrx_word' id='word_1_810' title='bbox 478 5539 500 5593; x_wconf 88' lang='lat' dir='ltr'><strong>si</strong></span> <span class='ocrx_word' id='word_1_811' title='bbox 519 5538 546 5593; x_wconf 91' lang='lat' dir='ltr'><strong>iu</strong></span> <span class='ocrx_word' id='word_1_812' title='bbox 559 5538 639 5593; x_wconf 85' lang='lat' dir='ltr'><strong>Saule</strong></span> <span class='ocrx_word' id='word_1_813' title='bbox 651 5537 758 5595; x_wconf 81' lang='lat' dir='ltr'><strong>turcos</strong></span> <span class='ocrx_word' id='word_1_814' title='bbox 773 5551 973 5613; x_wconf 88' lang='lat' dir='ltr'><strong>persequentes,</strong></span> <span class='ocrx_word' id='word_1_815' title='bbox 1024 5546 1173 5615; x_wconf 85' lang='lat' dir='ltr'><strong>majestatis</strong></span> <span class='ocrx_word' id='word_1_816' title='bbox 1196 5560 1257 5600; x_wconf 89' lang='lat' dir='ltr'><strong>curn</strong></span> <span class='ocrx_word' id='word_1_817' title='bbox 1280 5545 1410 5601; x_wconf 87' lang='lat' dir='ltr'><strong>botrorum</strong></span> <span class='ocrx_word' id='word_1_818' title='bbox 1432 5560 1543 5615; x_wconf 86' lang='lat' dir='ltr'><strong>operam</strong></span> <span class='ocrx_word' id='word_1_819' title='bbox 1565 5547 1720 5602; x_wconf 91' lang='lat' dir='ltr'><strong>muneribus</strong></span> <span class='ocrx_word' id='word_1_820' title='bbox 1732 5543 1817 5601; x_wconf 85' lang='lat' dir='ltr'><strong>iutra·</strong></span> 
     </span>
     <span class='ocr_line' id='line_1_60' title="bbox 188 5631 1818 5720; baseline 0.007 -37"><span class='ocrx_word' id='word_1_821' title='bbox 188 5631 214 5684; x_wconf 87' lang='lat' dir='ltr'><strong>iu</strong></span> <span class='ocrx_word' id='word_1_822' title='bbox 228 5631 311 5689; x_wconf 85' lang='lat' dir='ltr'><strong>bavid</strong></span> <span class='ocrx_word' id='word_1_823' title='bbox 324 5632 461 5690; x_wconf 83' lang='lat' dir='ltr'><strong>christum</strong></span> <span class='ocrx_word' id='word_1_824' title='bbox 483 5641 510 5692; x_wconf 91' lang='lat' dir='ltr'><strong>et</strong></span> <span class='ocrx_word' id='word_1_825' title='bbox 526 5633 672 5693; x_wconf 83' lang='lat' dir='ltr'><strong>Ecclesiam</strong></span> <span class='ocrx_word' id='word_1_826' title='bbox 688 5636 833 5707; x_wconf 78' lang='lat' dir='ltr'><strong>significari</strong></span> <span class='ocrx_word' id='word_1_827' title='bbox 847 5651 976 5710; x_wconf 86' lang='lat' dir='ltr'><strong>cognore-</strong></span> <span class='ocrx_word' id='word_1_828' title='bbox 1025 5636 1109 5694; x_wconf 90' lang='lat' dir='ltr'><strong>buut:</strong></span> <span class='ocrx_word' id='word_1_829' title='bbox 1125 5637 1274 5696; x_wconf 88' lang='lat' dir='ltr'><strong>mirandum</strong></span> <span class='ocrx_word' id='word_1_830' title='bbox 1289 5637 1421 5720; x_wconf 81' lang='lat' dir='ltr'><strong>proiecto,</strong></span> <span class='ocrx_word' id='word_1_831' title='bbox 1435 5638 1526 5696; x_wconf 86' lang='lat' dir='ltr'><strong>riuum</strong></span> <span class='ocrx_word' id='word_1_832' title='bbox 1540 5638 1573 5696; x_wconf 88' lang='lat' dir='ltr'><strong>de</strong></span> <span class='ocrx_word' id='word_1_833' title='bbox 1584 5652 1653 5698; x_wconf 88' lang='lat' dir='ltr'><strong>anua</strong></span> <span class='ocrx_word' id='word_1_834' title='bbox 1666 5637 1725 5696; x_wconf 81' lang='lat' dir='ltr'><strong>deri</strong></span> <span class='ocrx_word' id='word_1_835' title='bbox 1739 5636 1818 5694; x_wconf 83' lang='lat' dir='ltr'><strong>rid&#39;e·</strong></span> 
     </span>
    </p>
   </div>
   <div class='ocr_carea' id='block_1_3' title="bbox 0 0 1923 6116">
    <p class='ocr_par' dir='ltr' id='par_1_3' title="bbox 0 0 1923 6116">
     <span class='ocr_line' id='line_1_61' title="bbox 0 0 1923 6116; baseline 0 0"><span class='ocrx_word' id='word_1_836' title='bbox 0 0 1923 6116; x_wconf 95' lang='lat' dir='ltr'><strong> </strong></span> 
     </span>
    </p>
   </div>
  </div>
 </body>
</html>
