3802 6126
126 297 179 355 593

515 289 612 347 SECT.
635 290 679 345 lll.
700 319 734 329 -
753 286 918 344 caudina.
938 315 973 326 ·-
994 286 1075 342 illd
1095 285 1124 342 S.
1144 280 1357 342 confluenti..

1698 276 1749 332 591

125 414 240 472 CAPUT
256 413 311 468 ltu.
337 409 472 475 θιιοιιιοιιο
494 421 587 474 corpur
613 404 735 458 Ecdinii
757 403 869 470 episcopi
884 403 910 454 iu
927 398 1063 457 rtSerrus
1075 398 1146 454 enim
1165 396 1245 452 celsae
1255 393 1377 449 induerat
1389 389 1548 447 saera-dont
1563 389 1695 456 medelum

160 484 258 538 tornulo
271 483 318 537 uiri
332 481 380 537 uer·
402 487 531 550 ponentes,
553 476 739 546 rorcopltoqunr
752 475 822 528 illius
838 473 912 525 desa·

161 572 205 623 per
219 562 367 622 postremus.

162 666 331 723 badberlrtus
346 672 487 734 postquam
500 675 589 718 rerum
605 659 730 716 miracula
745 657 833 730 dignis

128 759 262 814 Laudibus
276 756 416 820 extulerat,
431 768 510 810 versu
524 749 691 806 memorabar
704 759 734 805 ut
748 749 810 804 olirrr

129 853 200 906 lllius
213 847 336 919 egregios
349 847 468 902 reterens
480 842 607 898 antistitis
622 851 707 904 actus,

130 940 259 995 l’ebribus
271 936 441 1007 excoquitur,
456 934 642 1006 placidumque
655 932 687 988 ad
702 931 790 986 sidera
806 928 897 983 llrturn

130 1032 271 1096 Emittcne‚
285 1027 398 1098 patriam
416 1025 571 1080 conscendit
585 1036 697 1091 corpure
711 1020 814 1076 sedeur.

130 1123 249 1189 Desuper
264 1128 292 1172 at
303 1119 382 1175 celsae
394 1116 522 1186 splendor
536 1114 704 1182 componitur
719 1125 790 1164 arere

131 1217 284 1274 lmnrortale
296 1217 389 1281 decus,
404 1212 533 1269 cohibens
545 1225 605 1280 quae
618 1209 744 1280 martyris
757 1207 820 1262 almi

131 1309 275 1378 Praeiulqet
289 1306 387 1362 mirum
399 1303 554 1360 coelestibus
569 1301 665 1370 inclyta
684 1297 778 1366 siquis.

131 1402 284 1460 llnrborum
297 1400 400 1469 lugiunt
413 1399 497 1463 labes,
514 1396 587 1451 luror
600 1394 698 1464 irnpius
713 1393 764 1447 atri

131 1491 282 1554 liceruonis;
296 1487 397 1544 assistit
410 1487 556 1555 urensque
568 1483 672 1539 solebat
688 1493 716 1538 ιιι
731 1489 795 1537 aute

132 1582 275 1650 signorum
290 1588 440 1635 monstrare
452 1577 541 1646 jubar,
555 1576 636 1629 ruodo
649 1574 688 1629 sic
702 1585 807 1643 quoque
821 1569 920 1640 passirn

133 1674 271 1744 Spargitur
284 1681 310 1727 et
323 1669 427 1725 iunctos
440 1668 524 1722 virtus
538 1664 657 1720 miranda
670 1678 717 1734 per
730 1671 815 1716 artus.

965 488 1051 555 Fecit,
1064 497 1093 545 et
1107 488 1213 542 interno
1228 481 1341 539 firmatis
1354 480 1452 538 robore
1465 479 1555 534 nervis

964 580 1076 649 Palpitat
1091 580 1194 634 alterno
1208 576 1267 632 loeta
1279 576 1349 630 inter
1366 573 1472 628 somnia
1485 583 1589 643 gressu,

965 670 1082 741 AEqrrore
1095 668 1194 725 deserti
1210 667 1304 723 ludunt
1315 680 1364 721 cen
1384 665 1473 719 littore
1489 663 1588 730 pisces.

966 761 1102 830 Evigilans
1114 758 1209 814 baculo
1221 756 1354 813 redivivos
1367 753 1445 826 erigit
1458 762 1545 824 artus,

966 851 1004 905 dc
1018 851 1163 906 matutinas
1176 846 1272 904 stando
1287 846 1439 916 persolvere
1453 844 1546 900 laudes

967 941 1072 1009 incipit,
1085 949 1112 995 et
1126 940 1215 1009 prisco
1227 936 1356 992 solidatus
1369 935 1489 991 membra
1503 935 1594 1006 rigore

968 1031 1086 1086 birinum
1101 1028 1236 1084 collaudat
1249 1041 1339 1096 opem,
1352 1026 1491 1096 justasque
1506 1025 1625 1081 Tenenti

968 1125 1051 1179 tillem
1063 1123 1169 1178 sidereo
1182 1135 1263 1176 sanus
1279 1133 1327 1188 pro
1341 1133 1451 1174 munere
1463 1127 1563 1189 crates.

968 1234 1081 1293 CAPUT
1096 1233 1175 1290 xuv.
1192 1231 1266 1299 Quod
1280 1231 1388 1303 leporino
1409 1231 1515 1302 parietis
1527 1234 1583 1303 ejus
1598 1231 1695 1302 infirmi
1709 1248 1755 1287 err·

1311 1311 1409 1356 rentur.

1005 1418 1060 1474 blec
1073 1426 1194 1474 sanctum
1209 1417 1320 1473 aetherio
1336 1424 1465 1471 vacuatur
1480 1431 1589 1473 munere
1603 1424 1722 1484 tectum.
1755 1411 1759 1485 Ξ

972 1510 1031 1579 Quo
1045 1524 1123 1565 sacer
1136 1517 1208 1564 astra
1220 1520 1315 1578 petens
1329 1521 1425 1579 corpus
1439 1521 1577 1578 ersanque
1587 1508 1704 1580 reliquit.

974 1601 1050 1657 Nunc
1063 1616 1170 1671 quoque
1184 1600 1232 1656 sed
1245 1600 1351 1656 solitam
1366 1599 1480 1668 partitur
1494 1601 1593 1670 ubique
1606 1600 1748 1669 iamenu.

972 1694 1087 1764 Altaque
1100 1695 1231 1749 mirentur
1243 1693 1331 1763 proles
1344 1692 1470 1748 baridica
1483 1692 1586 1763 templi.

133 1782 245 1838 CAPUT
260 1780 326 1836 xit.
354 1778 424 1834 Puer
446 1779 618 1832 demoniacus
643 1776 719 1828 dumo
733 1775 775 1828 cui
791 1774 921 1826 inruerunt
937 1744 1052 1840 B'seqrq
1065 1784 1117 1849 sqq,
1131 1783 1245 1855 gemmis
1259 1782 1385 1853 quoniam
1400 1780 1571 1840 querimurque
1587 1783 1698 1841 „ipram

165 1854 280 1924 corporis
294 1854 348 1924 ejus
364 1851 478 1920 insuram
491 1857 544 1903 srot
558 1848 585 1901 in
598 1863 665 1918 uque
676 1848 754 1899 mirra
765 1853 883 1899 sanctur.

174 1967 220 2021 Vir
235 1964 341 2032 quidam
357 1962 412 2017 nati
428 1960 524 2016 misere
536 1974 615 2030 quem
630 1971 700 2013 caeca
716 1956 805 2011 lurore

137 2053 269 2109 bternouis
281 2054 320 2108 ira
336 2064 426 2107 terens
439 2064 524 2105 saeuas
538 2048 674 2104 effundere
687 2061 766 2100 uoces

137 2145 281 2214 computu,
294 2154 321 2200 et
333 2143 455 2214 proprios
466 2154 626 2197 consumere
641 2137 772 2193 morsibus
787 2142 870 2200 artus,

138 2237 251 2290 llerobra
267 2251 314 2304 per
327 2235 458 2289 alanorum
474 2232 592 2302 rogitans
608 2243 683 2283 sacra
697 2227 772 2282 busta
790 2226 903 2287 lerebat.

138 2327 255 2383 Pendere
268 2341 318 2381 nec
332 2326 442 2394 petitam
454 2321 539 2378 sancti
551 2320 661 2376 voluere
675 2318 802 2383 salutent,

138 2416 286 2471 dutlrbcrto
297 2415 385 2485 potior
398 2413 482 2469 rinus
494 2423 523 2466 ut
536 2409 607 2465 celsa
623 2410 744 2464 micaret.

139 2505 204 2561 Turn
220 2504 296 2575 pueri
311 2503 417 2576 quidam
432 2503 509 2559 lletus
523 2501 694 2571 uagitumque
708 2498 871 2567 perhorrens

138 2597 175 2654 dd
190 2596 278 2651 Patris
290 2594 415 2650 auxilium
431 2592 497 2647 lldus
507 2591 643 2647 concurrit
655 2587 751 2653 amati,

134 2686 252 2742 Noverat
264 2687 334 2741 alma
350 2684 419 2739 sacri
434 2684 537 2740 iunctos
550 2698 609 2749 quae
620 2681 723 2735 laverat
736 2689 811 2734 artus

135 2776 244 2831 Patroni
259 2776 406 2845 quondam,
423 2774 502 2830 terris
516 2772 562 2828 ubi
576 2771 679 2826 reddita
693 2768 801 2839 lympha
815 2775 866 2822 cst.

133 2866 200 2924 lnde
212 2868 282 2935 rapit
296 2865 425 2935 grandem
442 2863 548 2918 modico
564 2860 597 2916 de
610 2869 628 2895 ι’
639 2873 701 2914 rure
713 2858 836 2924 salutern,

134 2957 272 3014 immiscet
285 2956 367 3023 latici,
381 2955 460 3012 dictis
474 2962 626 3009 sacraverat
640 2951 737 3007 almis:

135 3050 186 3104 bat
199 3058 289 3118 potura
303 3063 396 3118 puero,
410 3047 509 3102 stridor
524 3060 586 3101 mot
601 3044 672 3100 cedit
684 3058 802 3107 amarus,

131 3137 191 3193 Nec
207 3152 281 3193 mora
294 3139 370 3206 plena
384 3136 457 3191 salus
473 3135 551 3191 redit.
568 3135 628 3203 lpse
642 3149 755 3202 superna
772 3141 896 3188 verenter

135 3227 250 3283 blunera
265 3226 411 3292 collaudat,
432 3226 546 3296 laetoque
559 3240 606 3295 per
619 3224 708 3279 omnia
722 3238 803 3293 passu

133 3320 276 3376 cuthberti
290 3319 395 3375 cunctis
408 3319 507 3374 donum
518 3317 671 3374 venerabile
685 3316 787 3387 pandit.

974 1874 1146 1945 Equiparent,
1161 1872 1292 1943 iulvieque
1307 1872 1406 1929 rniceot
1419 1872 1542 1930 redimita
1558 1873 1662 1942 liguris.

973 1966 1036 2021 Plus
1050 1965 1097 2021 sed
1112 1979 1162 2034 ego
1176 1963 1246 2019 ratis
1260 1962 1355 2019 lrumili
1369 1963 1419 2019 sub
1433 1963 1541 2019 domate
1555 1962 1637 2018 mirer

973 2056 1138 2123 Pellicularu,
1154 2062 1264 2110 sanctus
1276 2053 1397 2120 iraqileru
1410 2068 1461 2123 qua
1475 2061 1578 2109 texerat
1587 2052 1706 2122 auqtuur,

974 2148 1011 2203 de
1025 2147 1114 2216 pluria
1128 2155 1173 2201 aut
1187 2145 1281 2201 boreae
1292 2144 1455 2214 penetrabile
1470 2144 1554 2215 frigus
1564 2145 1681 2201 adurens

975 2238 1093 2292 inrueret
1107 2237 1216 2306 passim,
1231 2236 1408 2307 precibusque
1419 2235 1544 2290 ardentia
1560 2235 1644 2292 castis

974 2327 1060 2383 Corda
1075 2328 1220 2397 fatigarem
1238 2342 1289 2384 nec
1303 2342 1347 2383 me
1360 2327 1492 2384 sententia
1508 2325 1585 2382 lallit.

974 2419 1093 2483 Namque
1104 2433 1172 2486 opus
1187 2417 1239 2473 boc
1251 2416 1377 2474 Salomon
1391 2415 1462 2471 lulro
1476 2415 1547 2486 quod
1560 2415 1658 2472 lecerat
1673 2431 1751 2484 auro,

974 2510 1091 2575 chaldea
1104 2518 1239 2581 petrarum
1254 2507 1365 2575 obtexit,
1379 2509 1450 2564 boul
1463 2507 1570 2564 [lamma
1580 2507 1673 2564 ruinis

975 2605 1010 2658 dt
1021 2618 1096 2657 sacra
1110 2601 1249 2658 Cutbberti
1262 2599 1390 2672 appendit
1401 2614 1461 2670 quae
1473 2597 1582 2655 dextera
1596 2599 1668 2667 vela,

975 2695 1084 2751 llunera
1097 2693 1216 2765 Felqeldi
1230 2692 1350 2763 patulum
1363 2691 1446 2746 dirlsa
1460 2705 1509 2762 per
1521 2690 1613 2746 orbem

975 2787 1066 2842 Latius
1080 2785 1189 2857 ingeniti
1204 2783 1320 2842 lundunt
1334 2783 1511 2841 medicamina
1528 2784 1614 2850 doni;

974 2875 1155 2947 clarescitque
1167 2874 1279 2945 chalybs
1293 2874 1381 2946 libyco
1396 2874 1542 2945 pretiosior
1556 2887 1634 2940 auro,

978 2970 1059 3026 Pollis
1071 2980 1099 3026 et
1115 2969 1179 3026 Eois
1191 2967 1323 3039 precellit
1335 2965 1434 3038 lulqida
1447 2966 1571 3038 gemmis.

939 3089 963 3149 c
979 3064 1084 3121 'tertius
1097 3063 1139 3119 bic
1154 3063 1275 3134 proceris
1289 3068 1378 3118 serrat
1392 3073 1462 3116 nunc
1474 3068 1573 3126 castra,
1586 3059 1693 3115 beatum

980 3157 1041 3210 Alta
1054 3163 1195 3210 secuturus
1206 3153 1292 3209 lueres
1304 3151 1336 3207 ad
1351 3166 1433 3223 regna
1445 3150 1598 3206 Parentenr.

978 3277 1091 3334 CAPUT
1103 3274 1195 3331 xbvt.
1222 3273 1351 3342 Quantam
1371 3271 1552 3330 OEdsluroldus
1566 3285 1695 3326 recursor
1717 3268 1766 3325 riri

1129 3345 1177 3400 liei
1191 3346 1294 3401 uirtutes
1307 3360 1369 3400 sues
1382 3344 1464 3400 utare
1476 3342 1613 3399 studuerit.

135 3430 250 3488 CAPUT
277 3428 356 3486 Μ·
379 3428 584 3554 Εθωέῒηξέ.
600 3429 727 3483 mmmm
745 3429 802 3499 ‘W
829 3427 929 3483 mm
1017 3456 1074 3512 llos
1087 3471 1147 3510 narn
1164 3455 1235 3510 luter
1250 3453 1354 3509 medius
1368 3451 1449 3508 sociis
1464 3467 1516 3507 noo
1539 3449 1746 3520 seruiendum,

173 3614 248 3669 Alter
258 3611 405 3680 morbigeni
419 3621 593 3680 consumptus
603 3610 637 3666 ab
650 3609 711 3680 ique
724 3609 822 3665 canrirri

140 3703 190 3758 i'ix
207 3701 314 3757 turuutts
328 3702 449 3755 rnarrilrus
461 3712 581 3755 sanctam
595 3699 735 3754 deducitur
749 3698 794 3752 alti

139 3793 261 3863 llartyris
272 3793 304 3844 ad
320 3791 448 3857 tumbam,
463 3806 531 3860 genu
546 3806 648 3859 ponens
663 3791 786 3844 obsecrat
798 3788 851 3844 illis

142 3884 242 3952 Eripiat
254 3884 347 3938 vinclis
362 3884 427 3937 turrti
442 3899 490 3936 roa
507 3883 577 3937 nlrua
591 3883 705 3951 patroni.

139 3975 231 4043 Surgit
241 3984 279 4038 et,
294 3973 397 4028 eruerit
414 3973 534 4029 irrrrratus
550 3988 661 4028 rrruucre
676 3973 749 4038 duni,

143 4062 236 4117 Libera
250 4062 395 4131 sospitibus
407 4065 479 4130 pouit
495 4064 603 4132 vestigia
618 4064 725 4132 plantis,

143 4153 245 4223 Perque
261 4153 318 4208 rlies
333 4155 427 4223 priscae
443 4156 537 4222 recipit
550 4153 606 4222 jour
621 4155 691 4208 dorra
705 4154 809 4208 salutis.

941 3593 946 3600 .
979 3543 1157 3608 OEdilwalde
1172 3555 1264 3598 sacras
1274 3543 1367 3598 rexisti
1382 3541 1506 3609 prouidus
1520 3553 1597 3595 aross

979 3639 1063 3703 Quem
1076 3650 1137 3691 raro
1149 3632 1272 3704 proprias
1285 3634 1360 3686 aiunt
1373 3631 1487 3686 soluisse
1500 3630 1623 3701 cuiquaru

981 3728 1102 3782 i’arrdere
1115 3727 1237 3789 uirtutes,
1253 3727 1375 3793 turrique
1388 3730 1497 3778 cruenta
1510 3721 1633 3793 chelydri

981 3817 1044 3874 Tela
1059 3816 1156 3886 quibus
1170 3814 1257 3870 uictor
1271 3813 1431 3884 conireqerit
1444 3812 1540 3868 obrius
1553 3812 1646 3868 armis.

981 3911 1058 3966 Unde
1072 3918 1161 3962 rnauct
1175 3909 1285 3976 longum
1301 3904 1485 3961 memorabilis
1499 3904 1544 3959 illa
1558 3903 1643 3960 beatis

980 4003 1088 4056 lrrcaute
1103 3999 1227 4069 prolapsa
1241 3997 1325 4053 sernel
1340 3995 1471 4052 sententia
1482 3993 1576 4050 labris.

985 4093 1063 4147 Forte
1077 4105 1152 4146 sacer
1167 4090 1246 4144 tidam
1266 4088 1375 4143 monitis
1388 4087 1543 4143 coelestibus
1555 4099 1657 4142 aurem

984 4183 1049 4236 burrr
1065 4180 1142 4249 rigat,
1157 4176 1254 4248 occipit
1270 4180 1318 4230 iras
1330 4177 1403 4230 socio
1416 4176 1450 4230 de
1462 4184 1569 4244 pectore
1583 4188 1681 4229 roees:

142 4266 255 4323 cst‘ur
270 4265 359 4322 lbltl.
378 4267 472 4320 Oculos
481 4267 586 4336 quidam
602 4267 751 4336 lonquerrter
763 4268 848 4319 orario
860 4266 931 4320 illitu
983 4274 1058 4341 Quae,
1073 4283 1148 4341 rogo,
1162 4283 1241 4324 causa
1255 4279 1300 4321 tuo
1315 4264 1392 4320 toties
1405 4264 1477 4335 quod
1493 4264 1589 4319 abore
1603 4264 1728 4318 {luentem

425 4345 535 4391 attactus
548 4339 655 4390 sunonis.

986 4367 1161 4431 perrumpant
1173 4361 1330 4429 varientque
1342 4357 1449 4414 silentia
1462 4356 1557 4412 crebra
1571 4357 1712 4426 loquelam,

179 4448 309 4519 Tegmina
323 4450 385 4518 quin
400 4450 479 4503 etiarn
493 4448 627 4504 consortia
643 4449 764 4518 corporis
778 4450 840 4504 almi
945 4424 972 4486 Β
985 4453 1017 4507 Ει
1030 4453 1123 4508 mediis
1134 4458 1233 4506 statuat
1246 4457 1331 4506 metas
1343 4446 1445 4504 obtirio
1458 4445 1560 4503 dictisl

148 4539 254 4593 blunere
270 4540 390 4608 participi
406 4539 507 4595 suecica
520 4539 619 4594 uirtute
634 4539 789 4594 redundant.

126 4688 128 4691 ,
149 4632 257 4686 Luruirra
277 4648 338 4687 nam
352 4633 456 4687 cuidam
469 4631 546 4686 dulor
561 4639 588 4685 et
601 4631 686 4701 caligo
701 4645 842 4700 pererrans

146 4723 212 4778 bum
230 4733 374 4791 prorueret,
388 4722 472 4778 sancti
482 4721 618 4791 accipiens
630 4723 716 4778 oraria
729 4723 797 4776 ratis

147 4816 192 4869 llis
206 4816 286 4871 orbes
305 4817 390 4885 tangit
403 4814 537 4884 geminus,
552 4815 732 4883 reducemque
746 4814 825 4868 saluti

147 4906 207 4962 rtur
219 4907 308 4977 aperit
320 4908 417 4962 callem
431 4905 590 4962 venerantiae
603 4906 687 4975 qratia
699 4905 789 4960 restis.

147 5017 257 5074 CAPUT
271 5016 363 5072 xttt.
379 5015 543 5087 Perclytirua
552 5017 729 5071 calceamentis
742 5019 798 5086 ejus
811 5023 930 5068 sanctur.

180 5112 229 5163 Ast
243 5108 312 5163 alius
326 5109 442 5164 resoluta
457 5108 530 5175 gravi
544 5109 585 5162 cui
599 5108 718 5178 pondere
732 5108 852 5162 membra

148 5200 248 5255 0illciis
260 5199 370 5268 jacuere
385 5199 441 5254 suis
455 5198 574 5265 deserta,
589 5197 685 5267 cuique

149 5291 222 5346 irrita
235 5292 370 5360 longaevos
381 5293 455 5345 aurit
470 5292 600 5346 medicina
612 5289 729 5354 dolores,

149 5379 333 5437 calceamenta
345 5394 436 5436 sacras
446 5381 552 5436 tandem
564 5394 622 5450 que
634 5379 756 5450 Martyris
765 5378 828 5433 alrrri

152 5469 298 5526 l'estierant
312 5472 418 5541 plantas
430 5471 529 5542 plantis
543 5469 716 5526 circumdedit
727 5469 815 5540 aegris.

149 5565 205 5620 box
219 5567 318 5634 prirrras
331 5563 419 5620 suasis
431 5565 553 5621 tenebras
566 5564 706 5619 mitescere
718 5575 837 5616 somnus.

184 5709 196 5737 ¹
211 5701 239 5755 ld
253 5711 304 5765 cst,
321 5711 398 5755 terra.

983 4543 1033 4597 Cui
1047 4557 1175 4613 respousa
1188 4540 1247 4608 pius
1258 4538 1350 4608 paucis
1364 4539 1399 4593 ita
1415 4537 1529 4593 reddidit
1541 4535 1640 4591 lrcros:

983 4634 1040 4689 lloc
1059 4644 1094 4700 te,
1111 4631 1196 4687 dulcis
1210 4645 1297 4699 arnor,
1312 4630 1365 4685 bro
1376 4626 1540 4697 memorique
1553 4639 1697 4696 perennem

982 4725 1068 4781 Corde
1083 4734 1174 4780 terrere
1187 4722 1276 4786 decet,
1288 4720 1396 4776 studeat
1416 4717 1589 4789 nisiquisquo
1600 4717 1736 4774 bidentum

984 4817 1112 4872 funditus
1126 4814 1385 4882 alloquiisarertere
1398 4810 1509 4866 sedulus
1520 4824 1611 4891 aures,

983 4911 1040 4965 Nou
1052 4919 1131 4978 queat
1143 4907 1270 4964 aetherias
1284 4907 1354 4961 inter
1370 4905 1436 4962 darc
1446 4905 1529 4963 rerba
1541 4913 1674 4971 cateruas.

984 5003 1102 5059 Pandere
1113 5016 1163 5056 uec
1177 5000 1245 5055 laetis
1257 4999 1318 5056 coeli
1333 5000 1508 5055 concentibus
1520 5013 1610 5055 aures.

1018 5092 1141 5158 Dixerat*
1151 5101 1178 5146 et
1192 5090 1295 5161 trepido
1306 5089 1443 5160 perculsus
1457 5088 1537 5146 corda
1551 5089 1656 5159 timore,

983 5184 1103 5252 singultu
1117 5179 1242 5247 allicitur,
1258 5180 1364 5237 lerneus
1378 5194 1410 5235 ac
1422 5190 1532 5249 pectora
1549 5181 1644 5250 pugnis

983 5272 1061 5328 Casta
1074 5272 1144 5338 ierit,
1161 5270 1319 5341 tandemque
1331 5284 1441 5340 gemens
1456 5271 1574 5340 erumpit
1584 5270 1611 5327 in
1625 5271 1702 5327 istoru

986 5363 1109 5417 l’erlusus
1122 5361 1246 5434 lacrymis
1261 5370 1319 5431 post
1329 5370 1424 5416 mtesta
1438 5361 1545 5418 silentia
1557 5376 1668 5416 rocem:

984 5455 1101 5509 Obsecro
1115 5463 1141 5509 te
1152 5453 1261 5524 supplex
1275 5453 1372 5509 summi
1386 5467 1432 5523 per
1446 5462 1550 5524 sceptra
1565 5452 1694 5508 Tonantis

985 5547 1046 5602 llaec
1056 5546 1159 5602 cunctis
1173 5555 1201 5602 ut
1212 5543 1282 5601 dicta
1295 5552 1380 5616 teras,
1396 5544 1556 5601 moribunda
1571 5559 1712 5615 quousque
