3802 6126
137 258 203 327 tlte

277 373 342 429 Cre.
357 369 438 428 xvll.
453 400 487 413 ·-
503 368 542 426 Dr
568 368 623 426 tiltt
649 365 784 422 Durrtnrri.

172 548 333 612 buruascus,
349 546 376 603 iu
391 560 488 616 campo
511 541 642 607 sita,lalo
665 549 693 597 et
720 539 810 612 amplo
835 554 926 594 nauro-

137 658 198 699 rrmr
223 640 339 705 ambitu,
360 647 388 693 et
419 637 523 694 crebris
549 637 652 690 rrruuitu
683 633 815 695 turribus,
844 646 924 701 quarn

137 748 233 804 utaque
249 739 366 802 quatuor
380 729 491 783 lluruirta
508 726 665 782 interfluant
680 742 687 778 r
702 724 746 779 ubi
763 723 825 776 duur
845 720 926 776 Clari·

136 825 216 881 stianl
233 821 327 878 Sancti
352 819 463 876 ioannis
484 820 612 889 Brptistae
630 816 774 873 ecclesiam
797 812 927 882 lrequcrr·

137 925 208 980 lant,
224 913 421 970 Saracenorum
450 927 497 964 rcx
523 926 584 965 curu
612 923 661 965 sua
688 903 866 979 pentesileam
884 904 926 959 ln·

137 1008 227 1065 stituit
249 1014 330 1075 atque
364 1002 493 1057 sacrarit.
520 1002 638 1056 Plurima
668 1008 744 1053 extra
775 1011 869 1052 tauros
899 995 926 1048 in

138 1115 204 1173 pyro
228 1097 337 1154 olireta.
353 1093 498 1150 ATbabor
516 1106 601 1163 usque
625 1091 798 1157 Damascum,
823 1097 927 1160 septem

137 1195 243 1251 dierum
265 1189 326 1244 iter.

138 1349 313 1413 cmitvtlt.
331 1347 421 1403 -Dc
449 1348 503 1402 situ
530 1345 710 1411 ulleeurrdrlrc,
739 1352 763 1399 et
798 1340 873 1409 lille,
903 1348 929 1395 et

189 1423 298 1480 ccclesia
313 1423 340 1476 iu
353 1435 406 1491 quo
425 1418 560 1489 requiescit
574 1414 681 1470 liorcua
704 1414 875 1484 eruuqclirru.

174 1555 350 1622 Alexandria,
368 1558 402 1610 ab
431 1567 532 1610 occasu
555 1551 583 1607 iu
596 1560 686 1606 ortum
702 1549 768 1604 solis
787 1547 877 1617 longa,
894 1546 929 1601 ab

140 1662 233 1708 austro
245 1649 324 1705 ostiis
339 1646 390 1702 Nili
406 1644 534 1717 cingitur,
550 1642 584 1697 ab
597 1639 725 1711 aquilone
739 1638 799 1693 lucu
823 1635 928 1691 blaren-

140 1746 225 1799 tico:
253 1741 331 1809 cujus
358 1749 454 1810 portus
480 1733 587 1791 caererts
614 1731 762 1795 dilllcilior,
782 1728 870 1800 ,quasi
895 1728 928 1782 ad

92 1855 95 1860 ’
141 1834 254 1891 lornram
271 1829 384 1886 lrumnni.
396 1825 519 1897 corporis
542 1823 569 1878 lu
585 1823 676 1893 capite
691 1821 750 1891 ipso
765 1831 793 1876 et
812 1821 930 1874 statione

141 1926 277 1995 capacior,
292 1922 319 1977 lu
351 1918 473 1979 laricibus
498 1930 564 1972 vero
582 1914 733 1984 augustior,
750 1927 803 1982 qun
825 1919 931 1966 areatas

142 2016 226 2071 uraris
242 2012 340 2083 accipit
364 2026 397 2066 ac
417 2008 537 2074 uarium,
549 2006 648 2078 quibus
662 2006 785 2075 quasdam
807 2002 929 2074 spirandi

142 2106 264 2165 subsidia
287 2114 365 2177 portu
377 2101 630 2159 subrrrirristrautur.
646 2097 697 2154 Ubi
716 2099 776 2166 quis
790 2095 930 2167 aliquoties

141 2212 223 2271 atquc
234 2214 282 2254 ora
298 2206 393 2268 portus
417 2194 545 2258 evaserit,
564 2202 694 2261 tauquam
712 2187 816 2257 reliqua
830 2201 930 2256 corpo·

142 2295 179 2348 ris
194 2293 293 2352 iorrua,
317 2289 354 2344 ira
378 2287 487 2344 dilluslo
506 2284 590 2340 maris
615 2283 694 2351 louge
708 2281 816 2350 lateque
832 2287 930 2334 erten-

140 2385 222 2439 ditur.
237 2388 265 2437 lu
279 2380 400 2450 eiusdem
429 2380 542 2434 dextera
559 2385 653 2447 portus
673 2387 755 2442 parra
773 2371 860 2426 insula
881 2369 931 2424 lra-

141 2476 230 2544 betur,
252 2474 278 2529 iu
301 2486 354 2544 que
381 2470 496 2535 Plrarus,
513 2468 539 2523 id
560 2477 614 2533 est,
634 2465 718 2520 trrrris
738 2471 781 2520 est
798 2462 929 2526 urariruu,

142 2578 273 2622 nocturno
290 2573 411 2630 tempore
435 2557 606 2614 daurrrtarmn
635 2552 740 2609 lucibus
763 2551 874 2616 ardeus,
897 2565 931 2605 rte

140 2658 247 2729 dereprl
267 2654 387 2711 tenebrls
414 2659 504 2707 neuter
527 2650 553 2703 in
576 2647 702 2718 scopulos
727 2645 889 2715 impingam,
904 2651 931 2697 et

141 2748 266 2806 uestibuli
291 2746 404 2801 liruitem
428 2737 657 2812 comprehendere
680 2734 887 2806 nequeant,qul
904 2745 932 2788 et

141 2857 192 2913 pse
208 2855 317 2909 semper
328 2836 466 2906 inquietus
479 2843 532 2899 est,
545 2831 673 2887 ductibus
690 2829 754 2884 binc
767 2829 830 2883 inde
849 2826 930 2882 colli·

139 2934 265 2989 dentibus
282 2948 289 2986 τ
305 2939 401 3000 portus
423 2938 488 2981 vero
508 2923 629 2995 placidus
655 2934 774 2990 semper,
797 2918 928 2986 arupliru·

140 3027 229 3080 dinem
256 3023 359 3076 babens
376 3018 488 3090 triginta
501 3015 663 3074 studiorum.
681 3014 705 3068 Α
723 3022 799 3084 parto
818 3008 929 3080 AEqppti

141 3119 234 3173 urbem
256 3114 423 3170 intrantibus
440 3112 473 3165 ad
494 3111 634 3165 dexteram
661 3107 781 3161 occurrit
804 3103 930 3168 certem,

141 3211 167 3264 iu
180 3223 234 3279 qua
253 3205 347 3260 beatus
359 3201 525 3273 eraurgclista
549 3197 655 3251 ilarcus
672 3197 832 3266 requiescit.
846 3194 930 3266 Cuius

140 3316 237 3373 corpus
264 3302 289 3355 iu
318 3297 444 3355 orientali
472 3304 549 3365 parte
573 3290 694 3360 ejusdem
721 3291 842 3347 ecclcsiae
868 3303 932 3346 arrte

140 3394 226 3449 altare
243 3395 383 3447 buruatum
406 3397 457 3453 est,
474 3386 605 3441 nremoria
628 3382 798 3452 superposita
813 3381 847 3435 de
862 3395 930 3450 qua·

140 3488 217 3540 rlrato
233 3496 368 3537 marmore
387 3479 469 3535 lacta.
485 3475 565 3532 Circe
579 3474 668 3529 illlum
683 3471 803 3544 AEgyptii
818 3487 932 3541 appares

141 3576 250 3631 crebros
265 3583 375 3643 propter
387 3569 566 3641 irruptionem
579 3581 712 3638 aquarum
726 3564 817 3620 lacere
831 3562 931 3626 soleat,

141 3667 186 3739 qui
214 3667 237 3721 si
266 3666 336 3720 lorte
353 3663 496 3718 erratoduru
514 3660 618 3715 incuria
636 3656 708 3728 rupti
737 3655 851 3721 luerint,
876 3671 930 3709 ttou

141 3760 265 3830 irrigant,
285 3758 332 3813 sed
355 3755 513 3826 opprimunt
531 3762 619 3807 terras
637 3749 809 3820 subjacentes
825 3765 832 3803 ε
846 3758 873 3802 ct
887 3745 933 3817 qui

142 3850 220 3919 plana
240 3846 359 3919 AEpyptii
375 3845 506 3909 incolunt,
524 3858 606 3912 super
628 3843 702 3897 riuos
717 3855 852 3910 uquarum
880 3837 931 3895 ribi

142 3941 236 3996 domos
252 3938 355 3994 laciuut
369 3933 535 3992 transversis
560 3933 682 3989 trabibus
706 3940 933 4001 superponentes.

142 4098 208 4153 Cau.
226 4094 298 4150 xlx.
317 4125 351 4135 -
366 4092 404 4147 De
416 4088 659 4158 Gonrlnrrtiuopoli,
674 4098 697 4143 et
721 4087 832 4142 basilico
847 4086 875 4142 irr
889 4104 934 4154 en,

320 4181 377 4236 quo
393 4178 494 4218 crucem
513 4161 621 4217 llorrrirri
637 4161 760 4216 continet.

178 4297 439 4370 Currrstuutiuopolis,
451 4298 569 4368 undique
581 4307 680 4366 preter
693 4295 847 4365 aquilonem
864 4293 932 4347 mari

143 4399 242 4459 cincta,
261 4393 331 4461 quod
350 4405 365 4445 a
384 4388 452 4443 mari
469 4387 563 4455 liapro
578 4386 720 4455 serapima
735 4385 857 4440 utillibrrs
872 4398 936 4454 pas·

143 4500 223 4540 tumn
243 4480 377 4551 usquead
394 4493 502 4532 murum
518 4475 649 4541 cinitonis,
663 4485 717 4530 cta
733 4490 811 4530 ruuro
835 4475 934 4529 cirita-

145 4578 287 4644 risusque
309 4571 343 4625 ad
369 4572 438 4624 ostia
464 4566 580 4622 Danubii
606 4565 783 4637 quadraginta
816 4563 935 4619 millibus

144 4681 273 4739 passuum
289 4660 455 4727 extenditur,
476 4659 579 4714 ambitu
599 4673 736 4713 murorum
748 4657 826 4726 justa
848 4655 933 4710 situm

145 4757 229 4812 rrraris
253 4754 383 4822 anquloso
408 4750 550 4805 duodecim
566 4749 647 4803 millia
672 4763 801 4819 passuum
816 4747 934 4803 circum·

145 4851 281 4920 plectitur.
296 4845 373 4901 Hanc
390 4844 478 4916 primo
490 4843 686 4899 Corrstantiuus
706 4841 734 4896 lu
749 4840 843 4896 Cilicia
855 4839 933 4910 jurua

145 4954 229 5003 ruane,
245 4938 317 5008 quod
329 4936 422 4992 Asiam
449 4934 639 5004 Europamque
663 4932 848 4998 disterminat,
867 4932 933 4987 aedi·

145 5031 225 5087 licere
242 5028 387 5101 disposuit,
401 5027 448 5083 sed
462 5029 578 5096 quadam
593 5036 672 5080 nocte
695 5024 859 5080 ferramenta
874 5040 934 5078 om-

145 5123 188 5176 uia
202 5119 404 5186 ablata,.missis
415 5118 460 5189 qui
478 5118 659 5186 requirerent,
672 5118 698 5171 iu
715 5126 793 5187 parte
809 5115 937 5185 Europa,

146 5211 191 5266 ubi
206 5225 280 5266 nuuc
295 5220 339 5266 est
355 5209 412 5278 ipsa
429 5210 539 5271 ciuitas,
563 5210 672 5264 iuuenta
689 5218 752 5265 surrt
770 5226 779 5264 z
803 5211 838 5265 ibl
859 5214 932 5269 enim

145 5302 204 5357 lieri
224 5301 275 5357 bei
290 5301 427 5357 uoluntate
454 5300 589 5355 intellecta
608 5308 660 5354 est.
677 5298 705 5354 ln
729 5302 779 5356 bac
805 5303 871 5359 urbe
884 5303 933 5358 ba-

145 5393 222 5447 silica
251 5392 311 5446 miri
338 5393 514 5462 operisque
542 5392 639 5446 Sancta
668 5389 769 5463 Soplria
795 5395 933 5464 cognomi·

146 5495 237 5549 natur,
255 5482 371 5540 rotundo
391 5484 556 5540 scireurutea
572 5481 762 5542 luadaurentr's-
776 5497 931 5544 construent

144 5584 173 5628 et
190 5583 390 5643 concamerata,
402 5575 490 5631 tribus
504 5577 594 5630 cincta
613 5577 770 5644 parietibus,
783 5587 812 5632 et
827 5582 932 5650 araquio

145 5679 295 5728 surrentata
320 5670 455 5728 columnis
485 5671 657 5741 arcubusque
686 5671 834 5728 sublimata
863 5683 925 5730 est:

649 250 832 315 obtecta·
859 245 1017 309 snscrts
1047 245 1246 311 LruutttJS.

1691 245 1764 316 ltro

978 361 1055 430 cujas
1071 362 1185 419 interior
1197 363 1294 422 domur
1309 362 1336 420 in
1351 362 1496 437 aquilonali
1512 364 1554 423 rui
1567 374 1645 437 parte
1660 366 1762 437 prande

977 463 1005 508 et
1019 454 1096 511 valde
1119 455 1264 526 pulchrum
1280 457 1430 512 armarium
1447 457 1538 524 lrabel,
1554 458 1581 514 iu
1601 473 1657 529 quo
1680 473 1761 529 capsa

979 548 1068 618 lignea
1094 550 1237 620 ligneoque
1257 547 1386 618 operculo
1408 558 1491 606 tectas
1513 551 1602 606 crucis
1617 550 1764 608 bomiuler

980 652 1035 697 tres
1060 642 1208 712 particulas
1229 643 1359 710 continet,
1380 643 1489 714 longum
1515 642 1640 700 uidelicet
1662 648 1764 716 liquurrt

979 733 1005 786 lu
1027 733 1095 790 duas
1122 745 1212 805 parles
1236 737 1362 804 incisum,
1386 748 1412 793 et
1433 747 1618 792 lrarrsrcrsurn
1643 739 1766 806 eiusdem

978 835 1079 881 carretae
1095 824 1185 881 crucis
1197 826 1306 895 liquatur.
1326 826 1388 882 llaec
1402 828 1489 884 tribus
1515 836 1619 882 tantum
1642 843 1690 898 per
1714 843 1766 882 au·

978 927 1045 967 uum
1071 910 1178 978 diebos,
1202 913 1254 970 lroc
1282 926 1333 981 cel,
1359 917 1384 970 lu
1412 916 1496 972 Coeua
1521 915 1639 982 Domini,
1663 917 1689 969 iu
1717 913 1769 969 Pu·

980 1019 1100 1069 nascere,
1126 1015 1154 1061 et
1181 1008 1207 1060 in
1233 1005 1352 1064 Subbatu
1368 1020 1472 1077 saracin,
1496 1008 1604 1080 populis
1629 1009 1767 1063 adoranda

979 1093 1138 1162 prolertur:
1155 1112 1270 1165 quarum
1292 1100 1378 1168 prima
1395 1116 1475 1170 capsa
1504 1101 1549 1155 illa
1573 1115 1656 1169 super
1680 1099 1768 1156 altare

979 1202 1106 1254 eareuru,
1120 1188 1189 1245 duos
1204 1191 1310 1245 cubitos
1325 1192 1474 1250 altitudinis
1492 1202 1519 1247 et
1538 1209 1620 1247 unum
1644 1190 1767 1246 latitudi-

980 1281 1022 1336 uis
1048 1280 1161 1349 lubens,
1179 1298 1240 1337 cum
1270 1299 1351 1338 carce
1378 1296 1471 1340 sancta
1503 1285 1637 1356 patefacta
1654 1297 1767 1352 compo·

980 1369 1054 1424 nitur
1085 1386 1093 1425 a
1121 1373 1308 1442 accedensque
1339 1375 1443 1444 primus
1480 1375 1642 1445 imperator,
1668 1374 1768 1432 deiude

980 1470 1097 1516 cunctus
1111 1477 1160 1532 per
1171 1464 1293 1519 ordinent
1312 1465 1444 1521 laicorum
1457 1468 1556 1536 gradus
1570 1476 1691 1522 surrctam
1704 1482 1770 1522 cru·

981 1562 1039 1602 cem
1060 1551 1156 1606 arlorat
1179 1561 1207 1607 et
1219 1552 1359 1610 oscalutur
1373 1574 1381 1611 r
1396 1555 1519 1626 sequenti
1540 1555 1583 1610 die
1599 1555 1771 1626 irruperatria,

981 1649 1007 1693 et
1024 1654 1118 1696 ouurcs
1128 1653 1257 1700 matronae
1269 1644 1309 1700 rel
1324 1646 1443 1717 virgines
1459 1647 1528 1702 idem
1546 1647 1648 1702 luciuut
1663 1665 1671 1702 ε
1689 1651 1770 1702 tertia

981 1729 1156 1786 nibilominus
1171 1735 1214 1786 die
1233 1735 1352 1804 episcopi
1373 1746 1399 1791 cr
1422 1736 1513 1792 cuncti
1528 1737 1688 1792 clericorum
1703 1751 1769 1810 pra·

980 1819 1032 1875 dus
1053 1821 1122 1875 idem
1142 1817 1257 1888 lucium,
1274 1834 1301 1879 ct
1326 1827 1367 1880 sic
1381 1841 1462 1894 capsa
1487 1827 1592 1882 reclusa
1617 1827 1651 1881 ad
1675 1842 1771 1897 supra·

981 1910 1082 1965 dietum
1105 1916 1253 1970 arruarlum
1274 1928 1438 1987 reportatur.
1457 1917 1589 1983 Quanrdiu
1606 1929 1696 1974 autern
1724 1932 1773 1973 str-

981 2015 1030 2071 per
1049 2001 1135 2058 altare
1162 2015 1252 2060 manet
1277 2018 1380 2076 aperta,
1409 2017 1492 2064 totam
1518 2008 1660 2064 ecclesiam
1685 2010 1772 2066 ruirut

980 2094 1048 2148 odor
1070 2094 1216 2165 perfundit.
1239 2099 1274 2153 lle
1295 2102 1372 2155 nudis
1396 2101 1469 2155 euim
1490 2101 1555 2172 ligni
1579 2103 1666 2158 sancti
1684 2101 1775 2173 liquor

981 2183 1100 2240 odorilcr
1115 2188 1178 2243 oleo
1195 2192 1292 2246 siruilis
1309 2192 1427 2262 produit,
1441 2194 1519 2265 cujus
1532 2195 1613 2250 etium
1632 2196 1654 2251 si
1671 2195 1771 2266 aliquis

981 2276 1107 2333 iulrrmus
1134 2283 1269 2338 modicam
1299 2286 1460 2355 particulata
1484 2288 1634 2358 corrrirqa,
1662 2302 1772 2343 ourrteut

981 2375 1167 2446 aptitudinem
1183 2390 1272 2435 surrur.

982 2543 1116 2614 bescripsi
1132 2544 1252 2602 brerircr
1267 2547 1388 2616 lineaque
1402 2549 1526 2614 situsque
1542 2546 1676 2612 locontur,

1017 2631 1118 2704 Pagina
1134 2650 1211 2690 sacra
1229 2637 1316 2706 rnapis
1330 2651 1390 2706 quae
1407 2640 1580 2693 memorande
1597 2638 1680 2694 refert

983 2724 1066 2791 lleda,
1086 2742 1203 2796 sequens
1227 2737 1350 2782 retcruur
1369 2737 1545 2784 monumenta
1569 2729 1704 2801 siruulque
1724 2745 1776 2787 uo-

1630 2821 1737 2895 [rorum

1017 2911 1117 2968 Clrarta
1134 2912 1325 2982 magistrorum
1341 2927 1401 2983 quae
1417 2923 1494 2968 sorret
1510 2914 1664 2985 inspiciens.

982 3001 1033 3067 lla,
1044 3001 1120 3068 lesu,
1134 3007 1248 3073 patriam
1266 3020 1376 3075 seraper
1393 3007 1535 3062 tendamus
1552 3008 1587 3063 ad
1606 3010 1676 3062 illam

1019 3092 1105 3160 Quam
1121 3097 1182 3151 beat
1195 3107 1326 3151 aternum
1344 3096 1412 3152 risio
1426 3113 1533 3153 seranta
1556 3099 1604 3154 tui.

1192 3231 1259 3287 Cur.
1281 3229 1341 3286 xx.
1355 3261 1391 3274 —
1407 3231 1559 3293 Conclmro.

1019 3365 1081 3423 llaec
1102 3369 1137 3423 de
1159 3368 1225 3424 locis
1246 3371 1348 3426 sanctis
1369 3383 1449 3442 prout
1462 3374 1537 3444 potui
1553 3375 1633 3431 lldcru
1651 3376 1777 3437 historiae

983 3468 1092 3512 secrrtus
1126 3459 1253 3528 exposui,
1277 3469 1306 3515 et
1339 3463 1458 3516 ruualruc
1488 3463 1617 3536 Arculpbi
1654 3468 1778 3526 dictatur

983 3546 1130 3604 Galliarum
1146 3550 1353 3620 episcopiiquos
1365 3554 1567 3611 eruditissimus
1586 3559 1612 3612 in
1623 3557 1777 3630 Scriptaris

984 3642 1124 3712 presbyter
1138 3644 1313 3699 Arlaurnanus
1324 3644 1452 3700 lacinioso
1466 3660 1591 3704 eerrnonc
1602 3649 1775 3719 describens,

985 3733 1072 3788 lribus
1087 3733 1184 3790 libellis
1207 3738 1423 3807 comprehendit.
1438 3737 1578 3810 Siquidem
1605 3753 1779 3802 rrrernoratus

984 3826 1110 3894 antistes,
1136 3829 1269 3885 desiderio
1303 3831 1424 3886 locorum
1465 3844 1619 3889 sarrctorunr
1656 3836 1779 3906 patriam

985 3917 1123 3983 deserens,
1160 3929 1258 3975 terram
1301 3925 1519 3992 repromissionis
1561 3929 1640 3996 adiit,
1671 3929 1778 4002 aliquot

986 4013 1124 4069 rneus'rbus
1163 4013 1358 4086 llierosolymis
1378 4008 1562 4085 'derrmmtun
1592 4031 1779 4096 relerarroque

986 4109 1120 4160 monarlro
1143 4108 1251 4162 nomiae
1279 4106 1360 4162 Petro
1384 4110 1452 4164 duce
1479 4112 1580 4179 puriter
1596 4116 1773 4185 atqueluter·

986 4208 1060 4267 prete
1080 4214 1153 4264 rrsrrs,
1169 4208 1265 4254 cuneta
1290 4200 1317 4254 irr
1339 4201 1452 4255 circuitu
1474 4219 1533 4271 qure
1560 4206 1779 4276 «residuarum,

986 4291 1076 4344 uiuida
1100 4291 1251 4345 intentione
1274 4292 1418 4347 lustravit:
1435 4310 1541 4350 necnon
1567 4296 1773 4367 Alexandriam,

985 4381 1437 4456 Durrruscunr,Corrstarrtiaopuliur
1462 4385 1638 4458 Siciliamque
1660 4405 1778 4460 percttt·

986 4474 1031 4527 rit.
1051 4473 1104 4529 Sed
1134 4488 1196 4527 cum
1222 4475 1336 4544 patriam
1360 4478 1477 4530 reuisere
1502 4478 1595 4544 vellet,
1621 4481 1698 4536 nauis
1718 4498 1777 4552 qua

986 4566 1135 4621 vellebatur
1158 4575 1220 4635 posl
1247 4566 1348 4622 multos
1371 4567 1511 4624 aniraclus
1530 4583 1614 4625 tereto
1634 4573 1778 4630 contrario

985 4655 1012 4709 iu
1041 4665 1173 4719 ruostram,
1195 4657 1221 4710 iri
1238 4667 1281 4712 cst
1296 4655 1501 4723 Britamrormu,
1530 4659 1646 4715 insulam
1669 4665 1777 4732 perlata

984 4759 1027 4803 est
1045 4765 1053 4802 ε
1071 4749 1234 4819 tandemque
1256 4751 1315 4819 ipse
1341 4761 1401 4821 post
1424 4752 1553 4807 uounulla
1583 4754 1705 4824 pericula
1736 4758 1776 4813 ad

985 4840 1126 4911 praelatum
1162 4841 1249 4894 riruru
1284 4843 1462 4898 uerrer'abiiern
1499 4846 1688 4903 Adaunmuuut
1724 4865 1776 4905 rc·

985 4931 1072 4994 rrieas,
1091 4934 1141 4985 iter
1155 4932 1258 5001 pariter
1277 4947 1359 4987 suurn
1383 4946 1409 4988 ct
1433 4949 1544 5006 eaquae
1568 4938 1672 4994 uiderat
1685 4939 1775 5011 erpli·

984 5023 1081 5088 cando,
1112 5024 1301 5093 pulcberrlruae
1329 5025 1403 5080 iilum
1438 5027 1560 5084 lrlslurirc
1585 5032 1677 5086 docuit
1707 5046 1777 5089 esse

984 5116 1156 5186 rcrlpmrem.
1172 5117 1212 5172 Er
1239 5134 1292 5188 qua
1322 5134 1372 5174 uon
1399 5120 1489 5190 aliqua
1515 5121 1694 5192 decerpentes
1720 5140 1771 5181 te·

986 5219 1128 5281 rerumque
1154 5210 1230 5267 libris
1252 5220 1454 5282 comparantes,
1476 5213 1524 5268 ribi
1542 5212 1654 5284 legenda
1677 5227 1773 5271 traus-

985 5301 1133 5368 mittimus,
1158 5303 1334 5358 obsecrantes
1363 5317 1411 5373 per
1437 5303 1541 5373 orrrmr,
1567 5314 1596 5360 ut
1629 5308 1778 5377 praercutis

984 5394 1076 5449 surculi
1105 5395 1237 5458 laborem,
1265 5410 1318 5450 rruu
1350 5396 1406 5450 otio
1435 5395 1529 5466 lasciui
1556 5398 1690 5468 corporis,
1721 5400 1776 5457 ret

983 5485 1108 5544 lectionis
1132 5488 1318 5560 rurationirque
1345 5490 1436 5547 undio
1465 5490 1512 5547 ribi
1542 5477 1695 5564 recuperare
1721 5506 1776 5550 st-

984 5587 1070 5650 lapus.
