3802 6126
134 299 188 356 5υὸ
475 297 577 355 bdltAE
597 292 825 352 insinuabitis
844 288 918 347 otu.
939 286 1039 346 PARS.
1060 288 1104 343 tlt.
1124 318 1158 329 -
1177 285 1421 344 rennuentes.
1711 282 1767 340 ³⁹⁸

134 415 251 472 llembra
266 414 324 473 solo
337 413 456 480 reddam,
473 413 633 483 gradiarque
646 411 672 464 lu
686 409 754 464 calle
768 416 917 475 parentum.
934 412 956 464 Α
973 404 1018 458 rlle
1033 403 1102 457 citus
1114 403 1205 457 deutra
1219 401 1342 474 lymphas
1353 402 1507 472 abstergere
1523 415 1624 458 curans

135 508 179 564 Sic
193 522 242 564 sua
256 523 361 562 sumnia
376 522 453 562 sacer
466 504 637 561 conclavibus
649 503 747 557 abdere
759 500 880 570 quamuis

136 600 236 664 ilnllct,
250 600 284 653 ab
296 599 408 654 mtirerio
423 597 573 667 panduntur
587 611 695 650 munuera
711 603 789 649 tcste.

171 695 205 744 dt
220 691 261 760 pin
278 691 438 746 Cirtlrlrcrtns
451 703 603 744 mernnrnns
616 701 686 755 stepe
698 696 755 741 actu
773 686 900 752 priorum,

134 781 255 838 AEtberin
272 784 321 836 sub
334 783 411 835 luude
425 781 465 834 sui
479 794 586 848 quoquc
601 779 725 833 cbristus
737 775 831 844 agonis

134 872 167 926 iit
182 873 260 927 luerit
272 875 371 934 surius,
387 871 472 924 iuerat
487 870 645 924 subnectere
660 867 760 937 paucis.

134 964 230 1030 Sicque
240 964 307 1016 dnus
321 961 458 1031 rariojarn
474 976 585 1015 rttnnere
598 958 707 1029 spiritns
723 958 792 1013 idcnt

134 1052 268 1110 Lusrrnrit
279 1069 326 1122 per
337 1055 406 1107 durrus
421 1055 504 1120 uiros,
519 1064 599 1123 atque
612 1050 721 1106 aetheris
737 1049 783 1104 alti

133 1144 252 1201 Tremite
264 1145 350 1199 diuiso
365 1160 475 1214 regnum
491 1145 611 1214 prorexit
620 1144 652 1199 ad
665 1157 760 1198 unum.

971 499 1079 554 iliratur
1089 508 1191 567 pestem
1205 499 1369 568 stupetactus
1380 497 1479 561 abisse,
1496 498 1621 565 loresqne

972 588 1090 643 Pandere
1100 587 1155 657 jam
1169 587 1259 641 reduci
1275 601 1339 641 suna
1354 586 1404 641 sub
1416 586 1506 641 lrnute
1520 584 1642 640 medeltn.

970 682 1002 736 Et
1014 697 1047 736 ne
1062 681 1129 735 lorte
1145 688 1219 749 putet
1232 678 1357 734 mendum
1372 695 1414 732 rnn
1429 679 1519 732 dicere
1533 679 1688 746 quisquam,

969 772 1050 826 Teste
1064 772 1116 825 lieo
1130 770 1227 832 diram,
1240 770 1301 838 quia
1312 770 1452 839 presbyter
1467 769 1515 822 istu
1533 768 1619 823 tidelis

970 863 1108 918 Pundebal
1123 863 1190 916 ratis
1204 862 1285 916 ildarn
1299 863 1341 917 cui
1358 862 1426 915 iatius
1440 862 1466 914 in
1481 876 1584 916 struem.

973 953 1022 1018 En,
1037 953 1132 1021 inquit,
1148 953 1217 1007 nosti
1232 951 1326 1006 laciem
1340 952 1399 1020 qnia
1415 950 1542 1020 presserit
1557 949 1622 1004 olim

971 1040 1049 1096 iuliis
1064 1051 1077 1079 ⁸
1090 1041 1186 1097 scer-bn
1200 1057 1298 1108 meam,
1312 1042 1362 1096 sed
1376 1042 1428 1110 jam
1442 1041 1522 1096 niodo
1532 1043 1618 1111 gratia
1632 1038 1737 1098 Christi

970 1131 1108 1186 Cuiliberti
1123 1132 1225 1187 riseritis
1239 1131 1354 1200 placarit
1368 1131 1454 1187 tristia
1469 1132 1561 1202 iligna.

129 1253 243 1312 CAPUT
256 1256 357 1311 mu·
374 1255 490 1321 onoma
502 1254 657 1309 “nachorem
676 1250 815 1321 Μμωω
826 1251 920 1304 ibidem
970 1220 1043 1277 liitte
1058 1238 1176 1288 manum,
1190 1232 1217 1277 et
1231 1232 1342 1290 tangens
1356 1238 1399 1277 nin
1411 1222 1501 1277 dicere
1513 1238 1574 1277 rere
1590 1221 1718 1292 probato.

308 1327 340 1380 rit
354 1344 369 1380 u
381 1326 465 1380 uultus
478 1334 577 1380 tumore
587 1325 734 1379 ntundutrrs.

167 1442 236 1513 Ergo
248 1457 308 1513 age.
322 1441 461 1512 Felgeldus
475 1441 583 1509 largitor
599 1438 717 1494 muueris
728 1436 793 1491 alini

132 1533 219 1588 Prinna
232 1532 360 1588 salutiferi
374 1533 433 1602 ipso
446 1533 518 1601 capit
533 1532 691 1586 documenta
705 1526 817 1599 uigoris.

132 1623 181 1680 Cui
197 1622 300 1693 pridem
316 1623 398 1678 lscies
412 1623 519 1678 inlnrmi
532 1632 600 1677 tactu
616 1632 731 1682 tnnnrre.

130 1717 273 1786 equuleus.
292 1726 321 1771 at
336 1715 419 1788 rigido
433 1717 495 1771 dum
509 1716 583 1770 solus
598 1715 622 1769 iu
633 1714 740 1769 abditur
756 1721 846 1774 antro,

131 1809 223 1865 Latior
236 1808 355 1876 ingenito
368 1807 455 1876 surgit
467 1808 502 1863 de
516 1805 608 1861 lornite
624 1808 742 1871 llamrua,

130 1902 217 1969 sitque
235 1914 319 1970 genas
334 1899 444 1954 rnacuiis
459 1899 528 1953 ttror
542 1899 675 1967 respergit
689 1898 815 1951 adurens.

129 1992 180 2059 Qui
194 2006 263 2046 nora
276 2007 324 2060 pro
336 1990 419 2046 reteri
435 1988 499 2045 durn
510 1990 626 2044 culmina
642 1997 769 2059 pangeret
779 1987 847 2052 ande,

130 2083 198 2139 tttud
213 2098 296 2138 iurans
310 2079 381 2137 lesso
390 2081 524 2153 direptum
537 2096 552 2135 a
567 2081 671 2150 pariete
683 2080 772 2135 veliunt

130 2175 226 2231 Partiri
240 2175 331 2232 docuit
345 2175 405 2231 bde
417 2190 478 2245 spes
492 2185 563 2230 certa
579 2173 686 2229 saltatis.

133 2270 272 2341 Primaque
286 2271 349 2324 dnm
362 2268 477 2341 lqurplns
489 2267 601 2337 corrigia
618 2265 746 2332 tinguitur
760 2265 849 2330 almis,

131 2363 224 2419 peruia
237 2362 379 2433 cornigero
392 2369 548 2430 pateatque
563 2359 659 2414 semita
674 2356 755 2421 terro.

132 2453 264 2510 basiliens
277 2455 374 2508 lasciua
385 2465 464 2508 sacro
477 2451 511 2507 de
524 2449 628 2521 gurgite
640 2457 711 2519 gutta

130 2544 242 2601 Lumina
256 2544 385 2614 respersit
395 2541 491 2608 saneti,
507 2541 659 2610 vultumque
674 2538 825 2594 rubentem.

164 2678 273 2736 ¹baira

969 1311 1081 1364 Ctuusus
1095 1325 1209 1378 narnqne
1224 1311 1293 1365 oculi
1311 1327 1363 1364 non
1378 1310 1468 1379 quibat
1480 1313 1602 1367 aeramine
1620 1311 1709 1378 cerati,

971 1401 1082 1455 Fecerat
1096 1410 1124 1456 et
1138 1401 1252 1470 priscani
1268 1401 1362 1457 morbo
1377 1400 1494 1469 lugiente
1507 1402 1635 1461 salutem.

971 1490 1069 1546 ditiore
1084 1491 1249 1561 temporibus
1265 1495 1396 1559 nereensis
1407 1494 1442 1548 ab
1455 1495 1558 1550 aetbere
1569 1501 1691 1549 sanctus.

1161 1602 1252 1657 Oratio
1264 1603 1341 1658 seue
1355 1605 1421 1659 lenti
1435 1606 1584 1677 prertqreri.

1007 1715 1068 1769 linc
1083 1716 1140 1781 tibi,
1156 1727 1313 1772 cunctorum
1329 1717 1441 1786 largitor
1451 1718 1557 1792 Christe
1571 1719 1719 1788 bonorem.

973 1806 1044 1860 lions
1061 1809 1097 1862 tui
1113 1807 1260 1864 obtulimus
1272 1826 1378 1867 surrrmo
1389 1811 1424 1866 de
1436 1827 1548 1868 munere
1560 1811 1636 1878 dont.

971 1901 1118 1971 linguaque
1129 1917 1178 1972 pro
1191 1904 1304 1959 modicis
1318 1904 1432 1959 libantes
1446 1906 1540 1975 gsnrlia
1561 1907 1642 1962 dictis

969 1990 1127 2047 Sanctorum
1140 1993 1278 2063 attigimus
1290 1995 1442 2050 certamina
1456 1996 1528 2051 celsa
1544 2006 1654 2052 tuorum
1668 2014 1679 2052 a

970 2085 1114 2153 Sperantes
1128 2084 1179 2141 illis
1190 2086 1386 2152 exoraturitrus,
1398 2098 1427 2140 nt
1439 2099 1478 2154 tu,

971 2174 1080 2231 sidereo
1094 2176 1188 2244 dignos
1202 2177 1248 2246 qui
1262 2177 1348 2245 justus
1362 2179 1388 2231 in
1406 2193 1456 2232 axe
1470 2193 1600 2249 coronas,

971 2264 1086 2334 indignis
1100 2267 1171 2320 ruitis
1186 2267 1259 2321 lares
1274 2267 1314 2322 rel
1329 2267 1417 2323 debita
1432 2269 1520 2325 rrnbis.

971 2353 1068 2409 iiltima
1082 2355 1217 2410 sufiiciunt
1231 2356 1303 2411 illius
1317 2357 1344 2411 iu
1356 2358 1460 2412 cedibus
1477 2360 1547 2412 aule

971 2446 1093 2511 Promis,
1105 2461 1155 2516 qus
1170 2456 1280 2502 cunctos
1295 2456 1339 2500 tua
1356 2446 1440 2515 risio,
1455 2447 1571 2517 Christe,
1587 2448 1693 2516 beabit,

970 2539 1027 2593 litu
1043 2555 1153 2595 maneus
1165 2541 1247 2596 castis
1259 2542 1402 2612 lumenque
1413 2541 1539 2611 salusque
1558 2555 1608 2613 per
1623 2558 1726 2599 erum.

477 2912 656 2992 Pssslo
686 2913 870 2992 ssttcTt
903 2914 1113 2994 JUSTINI
1143 2918 1415 2996 MARTYRIS.

164 3069 276 3138 Quando
288 3066 427 3134 Christus,
449 3066 520 3123 ileos
535 3075 642 3136 noster,
658 3077 735 3123 natus
753 3076 794 3122 est
810 3081 843 3123 ex
858 3066 917 3123 iir·
932 3068 955 3132 c
971 3067 1026 3123 Nec
1039 3070 1122 3137 ipsam
1137 3070 1244 3126 barrrire
1257 3085 1352 3141 aquam
1367 3071 1479 3129 dabutur
1491 3074 1619 3144 licentia,

129 3250 250 3307 &lictum
266 3249 405 3320 imperiale
420 3264 469 3319 per
482 3248 609 3304 mundum
621 3250 755 3317 insonuit,
796 3156 881 3230 wne,

130 3343 265 3411 Quatenus
280 3342 359 3397 totius
372 3340 444 3394 orbis
464 3339 541 3394 lieret
558 3340 726 3409 descriptio:

130 3432 259 3489 Nimirum
271 3432 332 3502 quia
347 3433 373 3486 in
386 3446 466 3487 carue
481 3440 544 3487 triaue
554 3431 598 3486 ille
610 3433 754 3501 apparuit,

129 3526 179 3591 tini
192 3526 217 3579 iu
231 3525 300 3579 coelo
313 3523 453 3579 uniuersus
465 3523 565 3579 clectos
579 3522 740 3586 ascriberet.

128 3617 199 3685 Quos
210 3630 292 3671 sacre
304 3613 549 3670 commendarisset
560 3613 622 3668 lidei
642 3612 785 3684 prolessio.

127 3713 213 3780 Quam
228 3710 364 3781 qui-digne
376 3709 557 3773 observarint,
571 3724 632 3763 cunr
648 3710 724 3765 bonis
734 3711 881 3778 operibus,

127 3802 192 3870 Que
202 3810 265 3856 suun
275 3802 348 3856 velot
362 3799 469 3869 quidam
483 3813 581 3855 census
593 3799 703 3854 domino
717 3802 863 3870 amabiles,

128 3890 249 3946 Civitatis
263 3889 451 3945 describuntur
463 3890 583 3945 scelestis
595 3890 754 3955 municipes.

127 3983 200 4048 Quos
215 3994 312 4034 census
327 3988 438 4047 uterque
451 3993 541 4044 usus,
554 3982 642 4034 omnis
653 3990 718 4034 artas
730 3979 849 4046 exbibet,

128 4073 163 4128 iit
178 4080 288 4128 testatur
298 4070 473 4142 plurimorum
489 4081 635 4144 martyrum
651 4075 806 4128 exercitus:

126 4163 184 4219 Non
199 4163 285 4218 snlnrn
297 4174 422 4218 constans
436 4177 468 4217 ex
485 4162 558 4230 viris,
575 4178 665 4218 venun
682 4175 708 4218 et
722 4180 754 4219 ex
768 4162 896 4231 lerninis;

127 4255 181 4308 lice
192 4268 250 4308 reru·
264 4263 364 4309 tanturn
380 4263 483 4308 mature
495 4254 623 4309 subibant
635 4260 807 4326 martyrium,
890 4242 893 4246 ’

970 3165 1118 3229 Antequam
1133 3163 1315 3220 thurificarent
1332 3165 1493 3220 detestandis
1508 3167 1596 3223 idnlia.

971 3253 1005 3306 Ea
1018 3261 1174 3323 terupestate
1185 3253 1232 3309 luit
1243 3255 1349 3324 quidum
1366 3257 1505 3324 praelectus
1517 3259 1544 3312 iu
1555 3258 1643 3316 Gallia
1654 3265 1683 3326 b.

969 3343 1101 3406 Peridus,
1118 3343 1205 3409 leros,
1220 3345 1338 3412 immitis,
1354 3347 1452 3403 curisti
1466 3363 1563 3404 nomen
1578 3350 1695 3416 odiens.

970 3434 1003 3487 Et
1018 3435 1043 3487 in
1058 3434 1225 3488 Christianos
1237 3436 1339 3506 inrens,
1355 3438 1512 3494 {tietmarus
1523 3441 1634 3496 numine
1643 3457 1656 3507 ,·

968 3530 1051 3592 Quem
1063 3541 1123 3580 cum
1135 3543 1214 3595 snpre
1231 3530 1358 3585 nominati
1380 3533 1512 3601 principos
1524 3534 1673 3603 dirigerent
1686 3573 1698 3601 ,

970 3615 1004 3671 Ut
1015 3627 1122 3672 sanctos
1136 3631 1340 3688 persequeretur
1354 3623 1453 3688 positos
1468 3624 1494 3676 ln
1509 3624 1614 3693 Gallia,

968 3708 1083 3776 Cupidus
1097 3709 1177 3764 caedtr
1187 3721 1339 3766 sanctorum
1354 3714 1474 3781 protinus
1487 3711 1614 3771 elicitur.

969 3798 1001 3853 tn
1016 3799 1152 3869 ingressus
1165 3801 1312 3870 civitatem,
1324 3803 1454 3858 Baeticam
1467 3807 1590 3874 numine,

967 3892 1023 3958 Qun
1037 3906 1099 3948 suos
1112 3898 1241 3950 cursusiu
1257 3896 1378 3952 llbenurn
1395 3900 1476 3955 inlert
1490 3901 1541 3955 dm
1557 3903 1675 3972 burins,

968 3984 1065 4040 llnltos
1079 3986 1113 4040 ibi
1130 3985 1295 4043 Christianos
1309 3989 1419 4062 dimergi
1444 4007 1619 4063 preceperat.

967 4076 1012 4127 Sic
1028 4090 1073 4141 per
1088 4077 1144 4130 luca
1159 4076 1281 4131 universa
1296 4080 1412 4134 edicturn
1428 4083 1473 4137 det
1491 4086 1623 4155 impium,

968 4161 1002 4216 tn
1015 4162 1102 4217 nullus
1116 4164 1329 4222 Christianorum
1344 4170 1478 4227 sineretur
1490 4172 1597 4242 viuere,

967 4253 1067 4318 onibus
1081 4255 1163 4308 vitam
1175 4258 1309 4313 statuebat
1324 4274 1370 4327 per
1385 4270 1518 4318 tormenta
1533 4267 1629 4323 adimi.

127 4343 180 4399 Sed
195 4343 330 4399 amnites
343 4354 450 4412 propter
463 4341 596 4397 clurinum
610 4343 729 4398 elidem
741 4344 912 4414 cstltolicam‚
969 4343 1031 4398 Erat
1044 4360 1075 4400 ea
1091 4353 1249 4415 tempestate
1264 4350 1291 4404 iu
1311 4352 1482 4410 dirrisiodorn

130 4435 254 4507 Legimus
268 4434 348 4490 tuisse
360 4448 452 4502 passos
463 4431 490 4486 in
503 4440 583 4487 aetate
595 4441 686 4489 tenera
701 4452 708 4488 :

130 4530 169 4584 lia
184 4528 279 4598 quibus
292 4536 400 4581 sanctus
413 4525 542 4590 tustinus,
555 4524 685 4581 novennis
700 4528 836 4596 puerulus.

127 4625 247 4692 Qualiter
261 4637 308 4691 per
322 4621 472 4692 passionem
485 4622 604 4692 migrarit
619 4622 651 4676 ad
666 4622 827 4688 bourdonn,

127 4715 251 4787 Sequens
264 4723 351 4770 tentus
365 4713 560 4769 demonstrabit
572 4714 643 4770 scire
655 4715 834 4782 cupientibus.

126 4808 195 4864 llum
211 4807 325 4863 crudelis
341 4808 517 4864 Diocletianus
530 4807 641 4862 llumaui
652 4807 783 4876 imperii·

126 4899 213 4954 Simul
226 4913 287 4954 eum
301 4898 480 4965 Maximiano,
496 4910 599 4956 teneret
613 4899 808 4965 monarclaiarn,

129 4991 203 5045 'latis
215 5002 257 5044 est
272 4993 298 5045 in
310 4991 477 5046 Christianos
491 5001 560 5045 rrrota
575 4990 737 5059 persecutio,

128 5080 163 5137 tn
176 5080 301 5135 darentur
313 5083 345 5134 ad
361 5095 498 5151 poenarnnr
513 5082 635 5136 universa
649 5095 759 5150 genera,

127 5168 285 5236 Ubicunque
298 5170 487 5238 cumprehendi
501 5170 617 5240 aliquem
626 5171 810 5241 contingeret.

129 5261 212 5328 Quem
225 5259 303 5331 nujus
317 5260 489 5329 professionis
501 5262 633 5332 obligaret
647 5262 749 5316 titulus.

129 5351 163 5407 lit
173 5352 355 5422 nequisquam
370 5352 500 5422 potuisset
517 5353 648 5410 contutari
663 5354 789 5420 latebris,

129 5441 231 5514 Ubique
245 5446 474 5513 componebantur
493 5443 545 5499 lane
557 5445 636 5499 modo
650 5444 769 5509 insidis,

127 5536 193 5602 liure
205 5546 299 5592 euntes
310 5535 500 5606 eomputisseut
515 5535 542 5590 in
553 5535 596 5604 ins
609 5535 749 5592 idolatrie.

127 5627 185 5682 b'nn
199 5627 251 5684 illis
264 5630 370 5686 eruendi
385 5629 527 5702 quidquam
541 5639 586 5682 aut
599 5627 730 5684 uendendi
745 5630 858 5700 copiam.

168 5745 181 5773 ¹
202 5740 258 5796 uuo
272 5745 351 5810 pedes
366 5760 391 5800 nr
406 5744 456 5800 bne
467 5758 544 5799 versu
559 5741 703 5798 abstrdam.

929 4429 955 4489 Ι)
967 4437 1078 4503 Quidam
1093 4438 1133 4492 uir
1148 4439 1232 4496 bonius
1245 4452 1271 4494 et
1280 4442 1377 4510 justus,
1390 4444 1530 4505 tlattlrnus
1546 4450 1691 4519 roesnntu,

967 4529 1058 4597 illique
1072 4529 1234 4586 iustinianns
1248 4544 1274 4588 et
1288 4534 1410 4592 lustinus
1425 4537 1484 4595 lilii.

967 4617 1019 4672 Sed
1034 4619 1197 4675 iustiniauus
1210 4633 1271 4679 ortu
1284 4626 1382 4679 carrrali
1398 4640 1587 4693 precesserat:

966 4707 981 4763 J
985 4709 1084 4763 ustinus
1099 4724 1161 4764 rere
1173 4722 1253 4767 etate
1265 4728 1368 4769 morum
1382 4726 1522 4780 anteierat.

967 4799 1017 4853 Per
1030 4800 1111 4853 ritum
1127 4802 1323 4859 immaculatam
1338 4819 1503 4864 senectutem
1521 4811 1647 4869 induens.

967 4891 1017 4956 lilii
1032 4892 1057 4945 in
1071 4891 1144 4946 breti
1157 4907 1366 4960 corrsnnnnatns.
1383 4902 1461 4969 longa
1475 4903 1566 4970 explet
1582 4916 1702 4977 tempora

967 4980 1121 5036 lieritorum
1136 4983 1195 5052 ejus
1209 4984 1287 5041 laude
1302 4999 1427 5044 ntanente
1443 4991 1469 5044 iu
1481 4994 1597 5048 secula:

966 5072 1030 5138 Quia
1045 5075 1176 5141 placuisse
1189 5075 1244 5131 Deo
1256 5075 1314 5146 ejus
1329 5091 1433 5136 constat
1447 5085 1576 5139 animam.

966 5167 1014 5221 ilic
1027 5180 1168 5238 antequam
1183 5180 1351 5241 nasceretur,
1367 5173 1451 5229 irater
1462 5177 1521 5244 eins
1535 5179 1640 5250 senior,

964 5256 1022 5314 lant
1033 5259 1120 5315 dictus
1134 5260 1308 5330 iustinianus,
1320 5267 1424 5336 capitor
1433 5268 1468 5323 nb
1481 5270 1613 5339 buslibet,

966 5357 1053 5421 ntque
1064 5366 1079 5405 a
1092 5350 1173 5406 domo
1186 5362 1294 5422 paterna
1306 5357 1411 5426 longius
1423 5360 1577 5419 abducitur.

967 5441 1062 5497 Beatus
1076 5457 1140 5499 reru
1153 5445 1272 5502 tustinus
1286 5464 1347 5504 urea
1362 5453 1503 5520 spueritia

966 5534 1054 5591 liebus
1066 5537 1183 5592 animum
1197 5537 1294 5595 diuinis
1308 5541 1473 5598 incessanter
1487 5544 1611 5612 dederat,

966 5623 1116 5682 Proiectum
1129 5629 1309 5697 quotidianum
1325 5631 1405 5689 dante
1419 5633 1464 5690 net
1480 5639 1576 5706 gratia.

1000 5737 1014 5776 l
1035 5739 1092 5794 Duo
1104 5741 1185 5810 pedes
1198 5744 1224 5798 in
1240 5744 1289 5801 buc
1304 5759 1383 5801 uersu
1396 5747 1534 5805 abundant
