3802 6126
517 301 614 360 seer.
638 301 657 356 t.
678 302 840 360 nostum.
860 334 894 344 -
914 302 978 358 sto.
1000 305 1041 360 nt.
1064 305 1144 361 non.
1169 276 1391 367 sosotnrts.¹

1244 148 1256 177 ῑ

1705 315 1760 368 sus

129 421 189 472 slss
200 419 328 472 ssstinettt
342 432 391 481 ttts,
411 431 457 470 uec
476 410 569 471 linierat
584 413 652 482 qnod
666 416 827 469 manducent.
851 413 884 468 Et
899 417 920 470 ιι
935 432 961 478 A
974 416 1048 468 duint
1062 416 1195 487 discipulis
1219 420 1271 472 sois
1298 428 1324 472 nt
1347 430 1516 490 opponerent,
1537 429 1561 474 st
1583 435 1758 490 cppcssersut

132 489 258 542 drmisero
272 504 315 541 ess
323 492 429 561 jejunos
443 489 469 540 in
480 487 583 538 domum
597 502 681 548 ιιιιιιιι,
696 487 814 550 deficient
827 487 853 538 ιιι
867 487 919 541 sin.

134 563 226 622 tutare
244 559 332 612 triduo
344 559 420 611 turba
436 556 577 611 Dominum
593 556 758 622 sustinuerit,
782 555 920 610 ttstumns

133 630 246 694 exponit
270 629 385 690 ptentos.
405 628 449 693 otti
470 627 506 678 ait
524 643 530 678 z
550 623 581 677 Et
597 625 734 678 ascendens
755 625 782 677 iu
797 637 918 690 montem,

133 699 238 751 udetn
259 697 304 750 ιιι.
329 696 364 751 m
382 704 539 751 accesserunt
553 696 586 748 dd
600 712 658 748 estin
673 697 753 748 turice
767 697 855 748 mulus
873 699 920 746 irn-

134 768 223 821 lrulss
241 783 327 821 ιιιιιιιι
340 779 433 831 mutos,
446 781 537 832 cecos,
555 764 670 826 claudos,
687 763 791 828 debiles.
810 776 833 818 ct
853 766 919 818 olins

134 839 239 899 ιιιιιιιιι,
263 848 288 891 st
312 839 471 908 projecerunt
491 852 534 889 cos
548 834 582 887 nd
595 836 672 904 pedes
694 837 759 906 ejus,
783 842 805 886 cl
821 837 919 888 cornoit

134 922 179 960 ess
193 906 299 974 lllcttl.
315 910 371 974 st).
382 905 470 961 Turba
483 920 547 972 crgo
558 908 644 958 triduo
659 905 797 958 liotninutn
809 915 919 970 propter

134 977 305 1031 sanationem
320 980 483 1031 iulirmorour
499 989 608 1029 suornm
621 976 744 1035 sustinet.
759 990 822 1030 cont
839 975 918 1029 electi

134 1045 236 1114 ιιιιιιιιο
260 1048 313 1102 lide
337 1056 437 1101 sanctae
459 1045 599 1100 trinitatis
626 1042 705 1097 lucidi
732 1044 844 1097 Domino
869 1059 918 1112 pro

135 1115 193 1169 sels
208 1129 373 1186 sponsusque
392 1114 519 1186 peccatis,
531 1115 627 1167 animae
641 1113 766 1167 riusttces
784 1113 919 1181 languori-

135 1184 196 1247 bus,
213 1188 395 1253 perseveranti
420 1186 544 1239 instantia
568 1183 726 1251 supplicant.
752 1183 816 1237 ltem
839 1185 916 1236 turba

135 1254 226 1308 triduo
251 1256 392 1311 ιιιιιιιιιιιιιιι
418 1254 541 1315 sustinet,
562 1253 668 1322 qnando
688 1253 829 1306 multitudo
851 1253 918 1308 lide·

134 1324 200 1377 tinto
216 1339 325 1393 peccato
345 1341 403 1395 nnae
418 1324 593 1394 perpetrarit,
610 1338 657 1392 per
672 1322 855 1391 poenitcntiam
871 1324 916 1376 de·

133 1393 242 1449 ettnsos
264 1397 297 1450 ad
313 1397 451 1457 Dominum
473 1410 502 1447 se
521 1394 548 1446 in
572 1407 665 1460 opere,
688 1395 713 1445 in
730 1392 863 1446 locutione
876 1400 917 1447 at·

134 1477 188 1528 que
203 1466 231 1518 in
243 1468 404 1536 cogitatione
417 1463 558 1518 conuertit.
573 1462 645 1529 Qum
664 1461 797 1517 dimittere
809 1461 916 1531 jejunos

134 1530 161 1584 io
175 1533 286 1589 domum
309 1550 385 1591 suam
402 1535 528 1589 Dominus
543 1547 595 1585 uon
620 1531 685 1596 volt,
702 1549 733 1585 ne
752 1532 873 1598 deficiant
889 1532 916 1586 in

132 1601 185 1665 sis,
200 1605 262 1671 gula
279 1605 402 1660 videlieet
415 1605 536 1658 conversi
558 1613 712 1667 peccatores
733 1601 760 1654 in
775 1601 915 1669 pinsentis

134 1675 196 1726 site
210 1674 252 1728 ria
268 1675 405 1738 deliciunt,
418 1676 441 1728 si
457 1674 483 1725 in
497 1688 544 1727 sua
559 1672 723 1725 conscientia
736 1672 793 1725 sinc
815 1672 915 1725 doctri·

973 487 1064 539 torte.
1077 486 1205 540 [lominus
1226 489 1360 557 occipiens
1376 505 1457 556 penes
1469 491 1548 544 daltat
1563 491 1711 560 discipulis,
1728 508 1756 550 ot

970 557 1020 621 ipsi
1035 568 1159 623 acceptos
1171 558 1255 611 turritae
1266 571 1429 626 apponerent
1443 578 1449 611 :
1465 561 1525 628 nrtla
1541 562 1668 627 spiritalis
1679 564 1749 618 ‹lotrs

969 626 1088 680 scientie
1102 626 1219 681 tribunos
1233 631 1371 694 apostolis,
1398 645 1446 694 per
1464 644 1556 684 eorum
1573 632 1750 690 ministerium

970 694 1047 748 soluit
1062 695 1188 750 Ecclesite
1203 713 1258 750 sue
1280 714 1327 765 per
1349 700 1441 751 orbem
1468 700 1529 753 vitre
1548 701 1646 755 cibaria
1662 702 1754 756 distri·

970 762 1025 819 bui.
1041 764 1116 831 Quod
1137 775 1225 819 autern
1241 767 1320 837 lregit
1336 783 1418 837 panes
1431 784 1497 835 quos
1512 769 1649 833 discipulis
1664 775 1754 836 claret,

969 836 1134 898 attentionem
1151 837 1272 905 designat
1286 848 1524 902 sacramentorum,
1539 840 1635 909 qirilms
1645 842 1678 896 ad
1692 858 1752 909 per·

970 912 1073 967 petuam
1086 904 1196 958 salntem
1213 908 1368 961 nntriendos
1381 916 1439 961 erat
1455 909 1579 965 tnuotlns.
1595 911 1663 964 Cum
1678 913 1750 966 enirn

969 974 1007 1025 ait
1022 973 1079 1040 ipse
1095 974 1232 1039 Dominus,
1249 973 1282 1028 dt
1296 992 1369 1030 nemo
1384 980 1453 1030 nouit
1464 976 1572 1045 Filium,
1588 981 1638 1033 nisi
1652 979 1752 1037 Pater:

968 1057 1047 1107 ncgttc
1062 1041 1166 1096 Potrern
1186 1045 1242 1109 ntis
1256 1047 1343 1111 notit,
1361 1048 1412 1100 nisi
1432 1045 1535 1111 Filios,
1551 1060 1574 1102 st
1586 1049 1627 1103 cni
1640 1051 1750 1104 columis

968 1109 1053 1166 Filius
1067 1113 1178 1167 revelare
1191 1113 1268 1182 (Luc.
1281 1122 1321 1181 s),
1335 1116 1399 1185 qnid
1421 1118 1471 1172 nisi
1485 1132 1580 1184 paoem
1593 1120 1656 1173 rite
1671 1123 1748 1174 nohis

967 1196 1015 1251 per
1035 1196 1064 1236 se
1085 1182 1257 1250 aperiendum
1270 1185 1479 1249 demonstrarit,
1492 1196 1519 1241 et
1532 1186 1608 1258 cuim
1620 1190 1747 1243 interiore

967 1253 1098 1305 cernentia
1112 1268 1159 1319 pec
1182 1268 1230 1308 rios
1251 1256 1322 1322 ipsos
1344 1266 1483 1322 penetrare
1497 1260 1684 1320 nequivimus?
1700 1260 1747 1313 Cui

966 1331 1060 1374 eontra
1074 1324 1202 1389 propheta
1215 1323 1391 1379 miserabilem
1403 1330 1577 1394 qttornmrlam
1591 1328 1688 1382 lanient
1702 1330 1750 1382 de·

967 1392 1085 1459 plorans,
1099 1392 1205 1446 aieltat:
1225 1393 1330 1446 l‘nronli
1350 1397 1473 1463 petierunt
1499 1414 1601 1461 poneris,
1627 1414 1672 1451 nsc
1691 1410 1746 1452 erut

965 1463 1009 1524 gni
1030 1464 1157 1529 [rouperct
1173 1464 1209 1516 eis
1232 1462 1340 1531 (Tltreu.
1366 1465 1414 1533 tr).
1440 1466 1515 1531 Quod
1536 1480 1574 1519 est
1589 1466 1650 1520 aliis
1661 1470 1749 1523 vernis

965 1528 1055 1584 dicere
1071 1547 1078 1583 ι
1094 1532 1196 1585 indocti
1217 1533 1379 1600 quaesierunt
1391 1534 1515 1601 pabulum
1531 1536 1605 1589 uerbi
1623 1536 1681 1602 Dei,
1695 1554 1748 1607 nun

966 1599 999 1652 sd
1016 1603 1140 1657 virtutem
1158 1606 1233 1656 tonse
1247 1605 1410 1670 operationis
1423 1606 1641 1660 convalescerent
1662 1607 1748 1673 reici,

966 1682 1015 1722 uec
1025 1681 1093 1735 erat,
1101 1673 1234 1740 stragistris
1242 1673 1437 1735 deicientibus,
1448 1676 1493 1744 qtti
1504 1676 1543 1728 eis
1551 1676 1747 1742 Scripturarorn

133 1757 175 1794 ose
188 1754 290 1800 sanem
305 1745 401 1814 pabulo
414 1742 588 1797 dimittantur.
605 1741 644 1795 Ne
663 1754 727 1809 ergo
742 1741 874 1795 lassentur
888 1742 914 1795 in
932 1754 1064 1818 garcsna
1089 1743 1260 1808 pstelaeeret.
1283 1757 1383 1810 eosnue
1406 1745 1439 1798 ad
1454 1746 1523 1799 riam
1538 1747 1656 1800 recitatis
1670 1747 1747 1801 insti-

132 1811 214 1880 totos
239 1814 462 1885 peregrinationis
485 1812 590 1874 itinere,
608 1812 732 1877 irascendi
756 1821 819 1865 sunt
839 1825 914 1865 sacro
967 1819 1062 1865 soeret.
1079 1812 1194 1881 Acceptis
1217 1814 1301 1868 anteiri
1316 1815 1351 1866 nd
1370 1816 1541 1885 frorrpsndsm
1556 1817 1674 1883 poniiss,
1692 1817 1750 1870 llo·

130 1883 326 1941 stltnooitlooe.
346 1884 428 1940 Valde
441 1892 530 1937 sotem
547 1879 679 1949 perisindo
694 1889 736 1935 est
750 1882 790 1945 pia
811 1893 916 1937 senteu-

133 1956 180 2013 os.
193 1969 255 2020 noe
271 1958 403 2024 processit
416 1969 447 2009 es
464 1967 511 2007 ore
529 1952 663 2013 Veritatis,
678 1966 729 2020 qna
744 1951 860 2005 dicitnr:

967 1881 1050 1934 mittes
1063 1884 1159 1951 gratias
1171 1885 1234 1952 cpit,
1249 1893 1317 1938 utet
1332 1882 1389 1951 ipse
1406 1898 1533 1951 nnsntmn
1547 1885 1581 1939 de
1595 1888 1680 1940 saluto
1699 1902 1749 1956 ge·

966 1956 1039 2004 neris
1063 1953 1171 2008 tmntani
1202 1956 1389 2020 congaudeat,
1414 1955 1560 2016 nstetulat.
1586 1966 1613 2009 et
1639 1970 1687 2009 tros
1710 1957 1745 2010 ad

168 2023 282 2088 Quidam
300 2026 367 2079 enirn
388 2024 468 2079 escis
488 2023 519 2074 ds
541 2023 616 2093 loupe
638 2032 766 2076 uenerunt.
784 2025 830 2075 Est
843 2021 914 2076 enim
964 2019 1080 2087 agettdas
1092 2037 1199 2088 semper
1214 2024 1269 2077 Deo
1283 2024 1383 2089 gratias
1395 2023 1530 2087 ittlormet,
1546 2040 1606 2078 curn
1631 2024 1671 2078 rel
1695 2037 1749 2079 tes·

130 2096 178 2168 oui
193 2094 260 2150 nihil
276 2094 376 2150 itandis
389 2103 417 2149 et
431 2093 495 2148 ttilsil
507 2093 621 2146 carnatis
634 2093 810 2159 corruptionis
821 2107 915 2160 esper—
965 2104 1030 2170 reno
1050 2105 1117 2156 pane
1129 2106 1249 2158 cantem,
1261 2095 1302 2146 rel
1315 2093 1432 2149 solmam
1444 2093 1544 2149 coelesti
1557 2109 1670 2163 superos
1687 2111 1747 2166 grs-

131 2180 175 2221 nrs
188 2167 222 2218 sd
237 2167 429 2234 omnipotentis
444 2164 491 2219 Dei
505 2163 642 2216 seruitium
658 2160 802 2216 lestinarit.
818 2162 868 2216 lste
881 2163 915 2216 de
965 2167 1000 2212 tm
1011 2159 1139 2229 largiente
1152 2161 1297 2217 relicimus.

132 2235 281 2306 longinquo
304 2251 357 2290 non
383 2235 466 2295 venit,
482 2233 542 2296 ostia
568 2247 616 2299 per
638 2233 863 2300 incorruptionem
887 2243 914 2287 et
1000 2228 1033 2282 Et
1049 2230 1173 2285 liniebant
1188 2232 1323 2298 pisciculos
1336 2249 1439 2299 pascos,
1458 2242 1482 2286 et
1504 2234 1575 2302 ipsos
1595 2234 1743 2297 benedicit,

131 2307 315 2360 innocentiam
332 2308 468 2374 prosimos
484 2303 542 2356 luit.
559 2303 634 2355 Alios
648 2303 720 2355 nulla
738 2302 911 2368 impudicitia,
966 2307 990 2352 et
998 2300 1078 2370 jussit
1091 2301 1196 2369 opponi.
1211 2301 1239 2356 st
1254 2302 1281 2355 iu
1294 2304 1404 2369 panibus
1414 2313 1515 2369 septem
1527 2306 1662 2372 Scriptura
1675 2305 1741 2359 Nori

130 2375 214 2431 nullis
229 2374 338 2446 lisgitiis
363 2375 525 2445 irtqninatos,
550 2373 635 2426 solum
656 2380 744 2425 autem
759 2372 912 2440 conjuginm
963 2368 1125 2424 Testamenti
1140 2371 1303 2439 designator,
1319 2373 1345 2427 iu
1356 2374 1431 2440 cuins
1445 2375 1558 2428 lectione
1573 2374 1742 2444 pergratiam

129 2458 270 2512 expertus,
285 2447 318 2499 ad
344 2445 521 2499 ministerium
548 2441 669 2512 spiritale
691 2454 836 2495 eottrersus
860 2450 911 2498 est.
962 2439 1049 2494 sattcti
1064 2440 1179 2511 Spiritus
1192 2443 1309 2496 intentes
1322 2444 1449 2498 montium
1472 2447 1565 2513 epulas
1581 2445 1742 2512 inventuros,

130 2516 224 2584 Nenos
238 2517 373 2571 isterenit
386 2513 566 2582 elonginquo‚
578 2513 638 2579 quia
651 2525 714 2565 usus
725 2511 913 2580 conjonctione
962 2509 1024 2577 quid
1044 2511 1069 2564 in
1095 2510 1229 2578 pisciculis
1245 2526 1310 2580 pnes
1331 2512 1479 2567 lenedicsns
1500 2515 1594 2581 pariter
1617 2511 1742 2570 llottrinns

130 2600 260 2641 cossas:
276 2601 324 2654 per
340 2586 431 2639 illicite
447 2598 499 2637 nou
515 2582 622 2635 errarit.
637 2581 687 2635 ltlii
703 2595 765 2636 tero
779 2591 837 2648 post
851 2597 912 2635 car·
962 2579 1238 2652 tsrloejossitspponi‚
1250 2583 1298 2635 nisi
1311 2593 1419 2637 sanctos
1432 2584 1575 2650 accipimus
1590 2583 1660 2637 illios
1675 2592 1744 2637 tent·

130 2657 173 2710 rtis
185 2654 299 2726 flagitio,
319 2656 364 2708 alii
379 2665 439 2720 post
452 2654 515 2706 lalsa
529 2653 692 2713 testimonis,
713 2651 755 2705 alii
772 2662 827 2720 post
841 2650 911 2706 lacta
962 2651 1033 2713 ports
1047 2667 1100 2720 qrro
1112 2653 1205 2705 eadem
1218 2661 1259 2706 est
1271 2652 1377 2706 condita
1395 2652 1543 2721 Scriptura,
1566 2653 1607 2708 rel
1628 2668 1742 2722 qstorom

131 2724 213 2791 lsrts,
230 2726 277 2779 alii
292 2735 353 2793 post
365 2724 452 2778 illatas
463 2723 572 2790 injrnias
583 2733 610 2776 et
626 2720 777 2788 violentias,
792 2721 836 2774 alii
852 2731 912 2787 post
962 2717 1019 2784 ipsa
1034 2720 1169 2789 Scriptura
1185 2720 1275 2784 lolem,
1290 2725 1389 2785 sitam,
1411 2734 1436 2776 et
1452 2723 1588 2787 passiones
1601 2725 1743 2779 coutioett

131 2805 283 2864 perpetrata
301 2795 441 2848 ltorniridia
455 2793 487 2847 sd
502 2792 681 2858 penitentiam
692 2793 816 2853 redeunt,
833 2801 912 2857 stoue
961 2789 1011 2854 Qui
1025 2790 1058 2844 de
1072 2792 1231 2845 turbulentis
1246 2791 1323 2861 trojus
1337 2794 1428 2846 steculi
1449 2793 1572 2847 lloetittns
1585 2794 1671 2860 erepti
1684 2834 1692 2856 .
1709 2810 1741 2848 ae

128 2867 162 2920 sd
174 2866 369 2930 omnipotentis
382 2865 426 2918 liei
438 2864 573 2917 seruitium
585 2871 789 2915 conuertuntur:
799 2861 825 2913 ui
839 2861 912 2916 side·
961 2859 1049 2912 divina
1064 2860 1250 2916 benedictione
1271 2865 1419 2917 consecrati
1434 2903 1442 2926 .
1468 2864 1640 2918 selectionem
1666 2865 1742 2918 stollis

130 2937 193 2991 licet
202 2937 237 2990 sd
247 2936 387 2989 llominom
399 2935 433 2988 de
442 2933 583 3001 longinquo
596 2931 715 2985 renium.
727 2931 830 2996 Quanto
840 2932 911 2985 enim
961 2928 1104 2996 internato,
1119 2947 1153 2985 ne
1169 2930 1246 2997 utrius
1261 2931 1350 2986 mundi
1367 2935 1526 2988 transeuntis
1547 2948 1663 2987 escttrso
1675 2935 1742 2986 deti·

128 3007 347 3075 qoisqoeptnsin
359 3017 528 3073 practiopere
540 3001 649 3063 errarit,
662 3009 734 3052 tanto
747 3000 909 3068 alsomnipo·
960 2999 1073 3063 ciamus.
1088 3002 1211 3067 esentplo
1225 3015 1280 3055 sun
1295 3002 1335 3055 tel
1349 3002 1409 3056 tite
1425 3005 1563 3069 praebuere
1578 3002 1619 3055 rel
1634 3004 1740 3056 snortis.

130 3086 202 3130 tense
216 3077 331 3129 Domino
343 3075 445 3139 longius
459 3072 581 3128 recessit.
598 3073 695 3123 tteruor
709 3083 773 3136 ergo
787 3072 910 3125 alimenta
926 3098 948 3160 C
1001 3068 1034 3124 Ει
1046 3072 1272 3134 motsdncouernm,
1288 3082 1311 3126 st
1333 3073 1442 3125 colorati
1453 3083 1523 3127 snut.
1538 3072 1695 3127 ttarutocant
1709 3075 1743 3128 rio

129 3145 168 3200 eis
179 3148 264 3200 etism
279 3147 324 3213 oui
340 3147 373 3197 tle
392 3145 533 3212 longinquo
547 3141 666 3204 rentum,
691 3141 751 3210 qttia
773 3143 910 3195 comersls
963 3142 1074 3207 partibus
1097 3141 1200 3195 [ιιιιιιιιιι
1222 3155 1254 3194 se
1274 3143 1398 3209 piscibus,
1415 3142 1678 3210 contunsionem
1693 3160 1741 3194 on·

130 3217 315 3284 peecatoribus
328 3216 456 3268 doctrine
477 3223 575 3264 sanese
588 3211 640 3263 citi
657 3210 793 3272 pretendi
808 3221 869 3263 sont
883 3223 912 3264 ut
962 3211 1066 3264 dientes
1075 3214 1154 3265 sorita
1167 3211 1224 3278 liei,
1234 3212 1385 3280 etetempla
1397 3210 1540 3275 intuentes,
1549 3214 1581 3266 ad
1593 3213 1740 3280 proiectum

130 3287 156 3339 ιιι
172 3286 257 3339 Deum
274 3288 343 3339 sires
358 3293 482 3351 reparent
495 3294 561 3349 quas
583 3281 608 3333 in
623 3278 728 3346 flagitiis
751 3281 909 3334 outiscrunt.
961 3280 1022 3333 titre
1035 3283 1208 3336 correctionis
1224 3297 1270 3348 per
1286 3284 1342 3336 ltere
1363 3285 1473 3337 excitari
1498 3293 1579 3350 stoue
1600 3297 1741 3344 assurgere

130 3356 194 3409 ltsns
219 3355 305 3410 toust
327 3358 477 3422 nitiennque
501 3367 527 3404 tn
550 3350 657 3403 Christo
679 3350 911 3413 cresceremus
961 3348 1739 3422 lestinant.eriltrtsapteeongrttt'tillodl‘salmistto.Eueni

130 3440 212 3493 prope
226 3425 260 3479 sd
276 3426 351 3479 illuto
367 3428 507 3483 venerunt,
520 3420 580 3487 spatis
597 3419 661 3488 legis
674 3430 700 3473 et
717 3423 907 3487 prophetarum
961 3437 1101 3489 pauperes,
1116 3433 1138 3474 st
1153 3421 1350 3484 saturabuntur,
1375 3434 1399 3475 st
1418 3424 1561 3476 lttstdslnnl
1588 3422 1741 3487 Doctrinson3

128 3506 205 3549 erant
221 3495 318 3549 tuteris
333 3493 419 3546 edocti
433 3494 466 3545 de
481 3491 535 3543 illo.
552 3491 699 3544 Credentes
714 3505 778 3542 vero
793 3505 824 3541 es
841 3505 908 3559 gen·
960 3492 1004 3555 poi
1015 3495 1144 3561 renitirent
1159 3509 1226 3553 ιιιιιι,
1243 3493 1305 3545 siuet
1318 3506 1362 3543 cor
1376 3507 1463 3544 corum
1477 3491 1504 3544 in
1523 3492 1643 3545 saecttlnm
1654 3491 1742 3544 seculi

130 3565 200 3619 titos
215 3565 251 3619 de
275 3566 353 3634 longe
375 3565 464 3631 otique
488 3568 618 3613 venerunt
640 3561 673 3612 sd
687 3558 910 3626 christumquia
960 3558 1047 3631 (Psoi.
1063 3566 1130 3628 tsi).
1148 3564 1225 3629 Quod
1240 3572 1280 3616 est
1294 3571 1385 3628 aperte
1403 3561 1508 3614 dicere:
1525 3561 1640 3614 Audierit
1653 3559 1740 3612 Ιιιιιιιι·

129 3634 209 3689 sollis
237 3637 391 3703 paginarum
416 3639 566 3685 sanctarum
593 3629 772 3683 monumentis
796 3629 829 3681 de
851 3630 910 3697 ejus
961 3633 999 3683 les
1015 3632 1124 3686 uerbum
1143 3632 1201 3695 Dei,
1218 3630 1570 3693 ettactenr.etattsndein
1586 3644 1740 3696 ttuttsuatn,

129 3714 203 3759 erant
214 3705 267 3758 lide
283 3703 439 3770 praemouiti.
777 3742 792 3757 ι
959 3700 1007 3755 sed
1021 3701 1128 3767 sttperui
1141 3701 1271 3767 largitoris
1284 3709 1377 3753 cuncta
1400 3716 1459 3767 note
1483 3700 1549 3754 lteris
1564 3710 1657 3769 gerum
1668 3697 1741 3753 rele-

163 3773 197 3826 Et
212 3776 379 3844 isuerropocit
391 3787 434 3825 eos
445 3788 454 3825 .·
467 3771 534 3834 Quot
547 3785 626 3839 pones
638 3768 733 3822 iubetis
744 3770 756 3823 l
769 3768 820 3835 Qu
834 3770 908 3823 dise-
960 3781 1028 3824 rent.
1047 3773 1120 3827 Unde
1134 3779 1229 3824 mento
1240 3770 1272 3824 ad
1288 3769 1366 3831 vitam
1381 3768 1516 3823 interioris
1537 3769 1651 3823 ltominis
1664 3780 1742 3824 auer-

129 3855 198 3907 rsnt,
214 3846 329 3908 Septsns.
346 3844 417 3897 Bene
431 3853 531 3910 septem
548 3855 628 3908 paries
649 3842 674 3893 in
691 3842 819 3909 mysterio
843 3840 908 3893 Nori
960 3855 1031 3906 itam,
1047 3853 1136 3910 utpote
1148 3855 1215 3906 pane
1226 3842 1286 3895 titas
1296 3840 1417 3906 saturati,
1434 3841 1600 3907 pervenient.
1616 3838 1663 3893 cut
1676 3856 1740 3893 eon-

130 3915 292 3968 Testsmenti
310 3923 451 3981 ponuntur.
472 3912 498 3964 in
511 3926 564 3978 ιμιυ
577 3909 739 3977 septilonnis
751 3908 834 3980 grstia
850 3909 911 3974 Spi-

130 3987 195 4038 ritus
208 3983 294 4038 sancti
321 3984 425 4051 plenius
451 3981 570 4034 ltrlelilrus
595 3981 697 4033 curretis
718 3990 745 4033 et
774 3979 907 4034 credenda

130 4056 262 4107 terelstttr
284 4063 311 4108 et
333 4054 433 4106 credita
453 4053 541 4104 datur.
567 4049 657 4119 Neque
673 4050 810 4103 hordeacei
827 4049 909 4104 luisse

128 4126 289 4190 produntur,
304 4123 373 4176 sicot
385 4121 423 4176 illi
437 4121 554 4190 nolitque
564 4119 597 4173 de
608 4120 705 4185 ouibus
718 4128 779 4173 sunt
793 4122 908 4187 quincono

130 4195 264 4246 homiuum
287 4193 369 4246 taillia
388 4202 518 4253 saturata,
534 4205 568 4243 ne
587 4190 683 4243 iterum
709 4191 777 4243 sicot
798 4192 823 4242 in
849 4190 908 4259 lege

128 4265 205 4318 ritate
228 4263 327 4316 animas
350 4265 503 4315 alimentum
530 4259 712 4327 corporalibus
734 4260 908 4313 sacramentis

129 4333 307 4400 obtegeretur.
325 4332 421 4387 llordei
436 4331 507 4386 enim
522 4331 636 4384 medulla
653 4329 818 4384 tenacissima
832 4333 907 4400 palea

960 3920 1000 3963 trs
1013 3915 1096 3966 tardis
1106 3911 1271 3965 auditoribus
1291 3924 1338 3977 per
1361 3911 1518 3979 proplietam
1540 3911 1738 3975 exprobratur:

959 3979 1148 4049 noricorum,
1164 3992 1187 4036 ct
1199 3997 1249 4033 uon
1260 3981 1319 4033 estis
1329 3981 1437 4033 saturati
1450 3981 1527 4051 (App.
1539 3978 1570 4050 ι).
1583 3980 1741 4034 ilatnlucanl

959 4067 1083 4120 natstnue,
1101 4063 1128 4106 et
1147 4067 1199 4105 nou
1223 4059 1385 4112 saturantur,
1409 4050 1454 4116 spui
1482 4068 1575 4118 pauens
1598 4049 1669 4102 veriti
1695 4049 1740 4105 ttet

959 4122 1091 4178 artrlterrdo
1102 4126 1252 4192 degustant,
1267 4120 1313 4172 sed
1327 4135 1378 4172 non
1395 4119 1514 4173 iaciendo
1528 4135 1586 4189 upote
1605 4119 1716 4171 andiunt
1731 4158 1739 4182 ,

959 4194 1024 4247 ttilril
1039 4210 1071 4248 et
1087 4195 1127 4246 ltis
1144 4201 1255 4245 internae
1278 4189 1448 4248 dulcedinis.
1471 4205 1523 4255 quo
1547 4205 1594 4242 eor
1621 4188 1739 4256 ipsorum

958 4265 1143 4326 coullrmetur,
1159 4263 1184 4314 in
1196 4270 1315 4314 reutrern
1327 4259 1462 4312 memoriae
1474 4261 1615 4326 recipiunt.

996 4333 1027 4386 Et
1041 4335 1199 4387 sustulerunt
1220 4331 1287 4398 qnod
1302 4338 1462 4398 strpcrooerat
1482 4329 1514 4382 ds
1540 4326 1687 4397 [inpotentis
1702 4342 1739 4379 sc-

130 4407 233 4472 tegitur.
961 4416 1028 4470 ptcnt
1043 4415 1153 4471 sportas.
1168 4402 1243 4467 Quod
1269 4401 1351 4452 turbis
1372 4399 1517 4452 saturitatis
1542 4408 1660 4468 supetat,
1673 4410 1739 4464 apo-

161 4471 194 4526 ls't
207 4473 328 4540 precepit
341 4472 418 4526 torio
431 4469 586 4524 discuntlsre
605 4485 680 4539 utpcr
695 4481 798 4523 trrrom.
821 4468 905 4534 Supra
923 4439 1019 4527 Dstoli
1034 4475 1186 4536 sttstollunt,
1198 4480 1224 4524 et
1237 4480 1337 4537 septem
1352 4478 1454 4536 sportas
1469 4469 1589 4537 implent,
1600 4471 1660 4537 quiin
1676 4473 1738 4518 sunt

131 4542 442 4612 irrelectituenuinqne
466 4554 562 4610 pcmnn
579 4541 851 4609 itrroasopertenom
868 4541 906 4591 ιι·
957 4545 1051 4596 altiora
1079 4538 1250 4612 perfectionis
1280 4550 1409 4606 praecepta
1434 4539 1473 4593 tel
1500 4551 1586 4606 potins
1610 4536 1738 4591 extimis.

131 4613 403 4675 ermescenhuson,
424 4626 493 4665 nune
516 4611 560 4664 ulii
587 4623 688 4675 sentem
714 4609 823 4675 panilstn
847 4613 906 4663 selt-
957 4623 1046 4668 menta
1062 4625 1089 4669 et
1102 4614 1226 4676 consilia,
1243 4625 1301 4677 qne
1315 4610 1448 4677 generalis
1465 4609 1578 4661 lideltnm
1596 4605 1738 4660 multitudo

131 4685 217 4737 cienda
231 4695 289 4750 est,
313 4695 396 4749 sopra
417 4692 513 4735 terrant
539 4681 708 4733 discutisoere
731 4681 904 4748 precipuos.
957 4687 1048 4751 trennit
1074 4682 1205 4738 servando
1231 4688 1257 4732 et
1293 4679 1427 4746 troptemto
1450 4678 1592 4746 attingere.
1619 4679 1737 4742 Quorum

131 4754 185 4805 noia
202 4770 249 4820 per
263 4753 427 4818 scriptoram
453 4752 519 4821 legis
543 4751 632 4803 earnis
654 4749 787 4803 desideria
803 4751 906 4802 caleno
957 4756 1093 4808 presentia
1116 4754 1174 4806 illos
1200 4748 1307 4817 porpirio
1330 4748 1447 4810 respicit.
1462 4750 1506 4815 qm
1527 4749 1627 4812 rtrsjorc
1651 4747 1735 4798 sattcti

132 4823 484 4890 etcotmtrnnerejultemur.
509 4819 754 4872 (lurniscnimcsro
769 4821 906 4886 [enormes
956 4821 1253 4894 Spiritusgratiapleni
1279 4818 1431 4888 generalem
1449 4817 1536 4883 populi
1563 4817 1737 4870 ιιιῑριιῃιιι.

132 4900 203 4948 esais
214 4894 300 4964 ploro
309 4895 366 4963 ejus
377 4904 496 4957 tanguam
509 4890 557 4959 ples
571 4889 774 4960 semilunio).
792 4889 818 4941 ln
833 4888 906 4941 uotae
956 4896 1087 4947 sationem
1111 4888 1207 4945 mentis
1230 4899 1307 4954 atque
1322 4889 1411 4951 operis
1426 4885 1587 4940 sublimitate
1603 4896 1738 4938 transcen-

134 4974 211 5018 sttem
226 4965 402 5017 'lestatneoto
415 4975 498 5028 ipsam
513 4975 619 5028 optoque
637 4970 736 5013 terram
750 4974 780 5012 ac
796 4959 906 5012 lacnlta-
955 4965 1032 5023 dont,
1047 4961 1169 5033 quietibus
1190 4959 1284 5012 dieitur
1299 4973 1305 5007 :
1322 4960 1350 5009 Si
1372 4958 1407 5008 ιιι
1429 4961 1553 5025 perlectos
1575 4972 1640 5018 esse,
1662 4955 1737 5019 rods,

136 5039 166 5085 trs
180 5037 342 5102 temporales
366 5032 550 5099 deretiriqoeie
574 5032 754 5098 praecipimnr.
772 5027 905 5082 tetceus
955 5035 1034 5087 rende
1059 5032 1143 5086 orunic
1163 5045 1219 5100 qnoe
1243 5026 1317 5079 linies
1341 5025 1448 5097 (ilnttlt.
1475 5027 1541 5094 ιιι).
1570 5024 1645 5079 [little
1671 5026 1738 5078 lterse

136 5107 182 5166 eois
197 5119 276 5159 ororts
288 5106 313 5155 in
328 5117 381 5171 quo
396 5101 469 5157 turba
485 5099 627 5154 dominicis
641 5101 752 5166 patritios
766 5100 904 5152 relicielta·
955 5114 1062 5172 sportae.
1075 5104 1169 5171 quibus
1182 5099 1374 5153 dominicorum
1390 5107 1451 5148 sont
1463 5100 1567 5150 condus
1586 5099 1732 5163 lragtneuta

137 5174 380 5236 ιιηιιιιιιιιιιιιιιιιι,
405 5179 432 5224 itt
453 5185 533 5235 supro
561 5170 690 5234 ditonus,
719 5168 904 5236 liedemptoris
956 5174 1088 5235 ciliorum,
1105 5178 1213 5238 propter
1234 5168 1415 5234 septilormem
1438 5167 1553 5231 Spiritus
1567 5168 1675 5235 gratiani
1691 5180 1736 5216 se-

138 5248 204 5297 notri
218 5245 363 5314 signiticat,
388 5241 422 5295 ιιιι
444 5255 523 5303 super
539 5238 639 5305 leonto,
656 5241 698 5293 tric
713 5251 904 5308 superterram
956 5257 1027 5313 ptem
1044 5244 1123 5295 luisse
1138 5246 1328 5293 ntemorantnr.
1342 5237 1406 5289 Nam
1425 5239 1485 5304 notia
1500 5251 1597 5304 spons
1611 5237 1691 5303 jnnen
1706 5245 1734 5285 et

138 5311 249 5368 '‘icitut.
264 5315 301 5368 lbi
318 5313 390 5366 enim
402 5311 532 5365 ιιΙιίιΙιιΙῠ
550 5311 649 5365 Clttlsli
665 5324 772 5378 pr0ptet
783 5312 905 5363 c³t¹t³t¹e⁸
956 5316 1101 5382 paintarum
1115 5312 1185 5364 loliis
1196 5312 1283 5361 solent
1296 5308 1416 5368 contesi,
1433 5310 1527 5360 ruerito
1542 5309 1566 5359 in
1581 5315 1733 5358 sanctornm

139 5377 245 5439 ittrrnues
260 5397 288 5440 et
308 5383 474 5436 llierosalenr
490 5392 622 5434 terrenam
642 5381 741 5434 carnali
756 5379 904 5447 spectile-
956 5385 1148 5450 cognitionione
1164 5387 1307 5447 ponuntur.
1323 5376 1423 5431 lunens
1444 5379 1539 5445 rurippe
1560 5386 1737 5441 superandas

138 5451 221 5509 otene
239 5456 354 5524 tegitor;
375 5453 417 5505 liic
429 5462 529 5515 autem,
547 5459 646 5504 remota
661 5451 733 5504 ontoi
760 5450 904 5517 cupiditate
956 5455 1027 5507 trasei
1040 5453 1187 5509 rortsuetit,
1201 5451 1286 5514 palma
1302 5463 1365 5500 reto
1376 5447 1510 5499 victricem
1524 5459 1601 5497 onrat
1616 5457 1734 5495 triarioru.

140 5528 233 5588 usitati,
245 5537 372 5580 cortinas
387 5522 451 5575 Νιιιι
469 5521 631 5574 'l'estatneuti
647 5524 702 5591 spei
723 5520 904 5588 permanentis
955 5524 989 5577 Et
999 5522 1103 5592 iunceis
1119 5520 1188 5572 rasis
1203 5529 1274 5572 recte
1296 5528 1487 5569 enumerantur
1510 5515 1598 5594 electi,
1615 5528 1676 5565 coru
1693 5526 1737 5563 ra·

141 5595 319 5650 tristantentnm
337 5604 462 5657 tannnant
477 5592 558 5659 ipsius
573 5594 671 5646 montis
685 5592 817 5654 soliditas,
832 5591 904 5644 nullo
954 5594 1041 5648 dicem
1056 5593 1154 5654 otidis,
1170 5605 1203 5642 nc
1216 5589 1283 5640 irrite
1298 5588 1437 5640 absistere
1453 5587 1608 5638 nternitans
1622 5589 1738 5662 arescat,

141 5659 187 5716 loo
199 5680 366 5734 titterpostto,
380 5664 542 5716 corstinelsat.
955 5665 1049 5728 inipso
1064 5664 1124 5714 vitre
1143 5663 1214 5713 lonte
1225 5658 1368 5710 collocant.
1383 5658 1570 5709 Assimilantur
1583 5663 1610 5706 ct
1624 5669 1667 5704 ets
1677 5667 1737 5719 quae

167 5731 195 5788 Et
208 5738 334 5808 occipiens
350 5744 553 5804 septennium,
568 5733 762 5806 groticsopcus,
778 5731 865 5804 [repit.
879 5739 902 5785 ιι
954 5737 987 5789 dc
1003 5733 1148 5803 palmarum
1166 5737 1228 5786 sont
1244 5727 1313 5784 loliis
1327 5734 1535 5793 contestemur
1552 5715 1737 5781 indelectiratn
