3802 6126
128 260 182 317 'ild
457 243 560 309 ΒΜ.
582 252 602 308 Ι.
621 281 656 296 -
676 248 968 310 ttsctoclttetitcd.
987 278 1022 291 -
1042 245 1121 305 tlte
1139 248 1169 304 S.
1188 242 1397 303 cutflbtutl.
1682 242 1750 303 'itu

127 371 191 425 doru
207 364 348 423 monacbis
358 374 368 406 ⁸
380 363 467 419 datur.
483 361 538 418 neo
550 360 823 418 memoratusstlrleta
836 359 915 417 curt·
929 369 953 425 Α
967 360 1080 432 singulis
1106 358 1201 417 diebus
1212 356 1351 428 ‘siuqtrlas
1374 368 1526 425 possumus,
1537 351 1651 410 bustim
1671 351 1750 420 adju·

127 457 164 515 eti
183 455 333 511 unnutioue
349 453 468 508 locorum
494 452 605 506 urumrit
625 462 740 507 runcantem
761 452 796 506 ab
808 460 915 520 arrepto
967 459 1057 513 rante,
1065 448 1187 519 agendo,
1197 455 1226 504 et
1235 452 1363 516 quantum
1379 458 1447 513 opus
1455 452 1497 497 est
1511 443 1581 496 inter
1594 456 1644 496 uos
1654 444 1750 496 coule-

128 549 213 601 semel
230 544 367 615 proposito
385 541 485 596 uriidire
499 540 625 597 coebstis.
646 540 744 596 Verum
765 539 915 609 diligentis·
966 537 1050 593 reudo
1063 551 1230 608 percurrere.
1244 535 1352 591 Factum
1367 542 1409 590 est
1420 543 1449 588 nt
1459 534 1573 588 siluerat.
1587 534 1671 600 Quam
1686 532 1749 588 iden

127 637 209 699 sitite,
221 636 297 704 justo
312 632 383 702 quod
407 640 434 685 et
458 640 520 684 ante
535 629 622 685 lacere
644 639 830 697 consueuerat,
845 629 916 684 beati
966 624 1106 682 Ιιιιιοιιιιιι
1121 635 1174 680 tam
1190 623 1320 681 citissime
1334 623 1472 693 complere
1480 622 1613 682 ralebaut,
1629 621 1691 690 quia
1705 637 1750 676 so-

131 723 226 777 iiuisili
240 723 319 775 uticii,¹
334 721 432 790 pariter
446 719 614 773 auscultabat
627 727 656 773 et
678 720 757 773 actis.
774 720 831 784 Quin
850 726 917 771 tern-
967 717 1019 769 lam
1034 713 1061 771 in
1082 730 1113 771 ea
1139 715 1200 770 lidei
1215 728 1274 785 quae
1288 729 1337 783 per
1355 713 1524 768 dilectionem
1545 722 1673 782 oporatur
1686 711 1754 766 sim·

129 827 207 882 pore,
223 812 294 865 sicut
316 807 471 863 llerelridus
486 806 622 862 inutiliaris
642 807 701 878 ejus
721 808 870 876 presbyter,
891 816 918 860 et
968 806 1127 875 plicitatcm,
1142 819 1196 860 uon
1212 813 1301 860 autern
1315 805 1492 873 quaestionum
1505 804 1635 871 profunda
1651 811 1750 857 tracta-

130 903 217 957 abbas
243 900 376 970 quondam
403 896 558 951 mortast'erii
584 896 806 952 Lindislarneusis
829 896 916 965 ipsum
970 895 1044 948 baut.
1055 894 1192 964 completa
1206 909 1271 965 erqo
1285 906 1345 962 pust
1366 903 1468 963 septem
1481 892 1540 948 dies
1557 894 1681 957 lectione,
1696 908 1753 948 ute-

130 996 235 1050 relerre
249 991 357 1046 solitum
368 997 492 1054 testatur,
507 990 602 1042 riturbo
615 987 775 1057 pestilentia
789 1001 841 1056 quo
856 995 919 1040 tunc
969 993 1073 1039 morato
1086 995 1208 1054 arreptus
1222 984 1367 1039 morbosis
1380 983 1484 1038 bouiiui
1497 984 1577 1039 lioisil
1590 983 1661 1039 diem
1672 998 1682 1020 r
1692 997 1752 1053 per-

130 1082 239 1153 plurimi
265 1095 312 1150 per
337 1077 499 1133 lirirauuiam
527 1079 604 1148 longe
630 1077 736 1146 lateque
759 1077 919 1132 deliciebaut
969 1076 1041 1130 teuit
1065 1074 1099 1130 ad
1126 1076 1269 1140 ultimum,
1294 1084 1322 1128 et
1347 1077 1397 1128 buc
1417 1075 1427 1106 ¹
1451 1089 1545 1144 tuaque
1576 1076 1755 1131 exsultatione

129 1181 271 1242 correptus
285 1180 336 1226 est.
350 1173 384 1225 dt
398 1168 495 1224 iratres
510 1167 664 1223 monasterii
680 1167 751 1222 illius
765 1177 858 1233 tutam,
870 1181 919 1236 pro
970 1173 1135 1233 transcenso,
1159 1164 1280 1233 ¹qsudia
1303 1173 1437 1233 perpetuu
1450 1165 1517 1219 lacis
1539 1161 1552 1202 ¹
1566 1166 1684 1222 irruant.
1701 1167 1753 1220 i‘s·

130 1267 190 1335 eius
206 1267 259 1317 rita
273 1272 303 1319 et
315 1266 400 1317 salute
409 1273 560 1330 precantes,
573 1269 677 1314 tractem
688 1259 790 1314 duxere
805 1264 918 1329 porriqu-
970 1265 1034 1311 rurrt
1048 1257 1122 1311 illuni
1137 1257 1296 1325 disseptum
1310 1256 1514 1319 diebus,‘ornnia
1528 1257 1679 1313 Cudberctu
1691 1275 1752 1329 qun

132 1360 197 1415 lem.
210 1356 311 1414 Omnes
322 1356 394 1410 euim
407 1355 484 1424 quasi
501 1353 617 1407 bominis
638 1353 724 1407 sancti
740 1353 918 1406 necessariam
968 1347 994 1401 ei
1005 1348 1094 1400 lutura
1108 1345 1245 1400 restabant
1253 1347 1410 1413 exposuisse
1422 1361 1431 1400 :
1443 1346 1612 1415 propheticus
1628 1363 1753 1418 rumque,

137 1448 189 1503 sibi
204 1446 264 1516 ejus
273 1444 361 1499 aduno
375 1445 401 1498 in
412 1457 492 1498 cartre
505 1445 671 1510 praesentiam
691 1442 827 1496 rebantur.
843 1441 919 1508 Quod
970 1444 999 1489 ut
1014 1437 1081 1502 diri,
1096 1446 1122 1490 et
1136 1435 1212 1491 mirae
1221 1434 1439 1490 satietitatittcrat
1451 1435 1542 1491 bomo.
1556 1436 1673 1505 benique
1685 1454 1752 1506 prae·

131 1540 196 1594 durn
211 1537 261 1607 ipsi
284 1537 484 1604 manequidaut
505 1536 539 1587 de
554 1533 604 1587 illis
626 1533 767 1600 iudicaret,
792 1547 852 1586 ιιιιιι
873 1545 920 1586 ne·
969 1526 1032 1582 iate
1047 1528 1222 1583 acerbitatem
1236 1526 1398 1596 pestilentias
1411 1526 1694 1598 trienniopriusquanr
1709 1544 1755 1584 se-

131 1628 235 1681 scieute
252 1640 286 1681 co
304 1626 433 1689 leceraut,
458 1621 623 1691 respondeus
647 1623 735 1676 statiua
753 1639 784 1676 :r
803 1623 836 1675 lit
854 1622 917 1690 quid
970 1621 1039 1673 niret
1059 1619 1143 1673 datan
1164 1616 1254 1673 abbati
1270 1618 1343 1673 ¹suo
1365 1618 1488 1685 predixit
1511 1617 1593 1673 luisse
1619 1621 1752 1681 futuram,

129 1716 232 1787 iaceo?
247 1715 332 1783 iuquit
345 1730 352 1766 :
366 1715 376 1745 ¹
389 1727 476 1781 tneque
487 1711 557 1766 cuim
573 1709 717 1780 putandum
737 1719 789 1774 est,
805 1710 866 1780 quia
882 1716 920 1764 tot
937 1718 959 1777 Β
974 1723 1024 1763 uec
1036 1722 1066 1764 se
1086 1707 1129 1762 illa
1145 1706 1289 1762 tollendum
1312 1706 1408 1761 celauit
1421 1724 1429 1761 :
1442 1707 1529 1777 ipsum
1549 1722 1614 1762 roro
1632 1709 1754 1764 abbatem

132 1810 281 1876 taliumque
303 1804 420 1860 rirornm
444 1816 536 1872 preces
560 1801 631 1856 Deus
644 1800 819 1869 ¹dcspeuerit
835 1818 841 1853 ι
858 1801 919 1855 date
971 1815 1110 1862 stimunou
1122 1815 1157 1856 ea
1170 1800 1341 1868 moriturum,
1355 1799 1401 1854 sed
1416 1798 1462 1854 illo
1475 1802 1563 1870 potius
1573 1800 1755 1870 rriorboquenr

133 1897 260 1951 baculum
273 1902 302 1949 et
315 1896 414 1964 caligas
427 1909 435 1959 ;
449 1911 460 1945 ι
475 1890 920 1963 confestimqueessurqeuscrepis
970 1892 1150 1964 dynerrtcriam
1174 1892 1270 1947 medici
1292 1892 1436 1961 appellant,
1460 1892 1595 1958 seridco,
1616 1904 1645 1946 ut
1668 1908 1755 1948 rerum

133 1994 240 2041 tentare
255 1986 400 2051 incessum,
424 1984 519 2039 baculo
539 1984 705 2049 innitens,et
720 1993 859 2041 crescente
873 2000 921 2053 per
972 1985 1064 2040 esitus
1079 1984 1180 2050 docuit,
1201 1997 1326 2039 sermone
1342 1983 1511 2052 praemonuit.
1526 1982 1579 2038 Sed
1596 1984 1758 2039 etCudbsr·
1809 1998 1812 2002 “

134 2073 193 2129 ¹¹5ss
208 2074 305 2129 ll'rlule
328 2073 469 2128 ⁸²n¹¹²lem
486 2071 592 2143 (ibidem
615 2073 725 2142 recellit·
741 2076 786 2128 sed
801 2072 861 2143 quia
876 2082 919 2125 tu-
970 2084 1017 2130 cto
1033 2073 1179 2145 lateralia,
1195 2074 1256 2145 quia
1269 2075 1411 2143 epiecopus
1428 2085 1499 2129 esset
1515 2073 1679 2130 ordinandus
1694 2079 1758 2129 insi-

135 2178 195 2220 tuor
208 2165 254 2235 qui
268 2165 295 2219 iu
310 2161 435 2218 ‘lemore
448 2161 507 2232 ejrrs
519 2162 639 2232 parebat,
657 2165 781 2231 paulatim
796 2177 811 2216 a
825 2177 920 2233 snper·
971 2166 1072 2221 nascit.
1098 2165 1174 2223 {lude
1187 2165 1258 2223 idem
1279 2166 1446 2222 Cudberctus
1470 2167 1638 2236 postmodum
1660 2171 1685 2221 iu
1710 2184 1755 2223 se-

134 2254 195 2309 !ois
221 2253 407 2308 detumescens
430 2253 551 2320 corporis
575 2252 610 2306 ad
636 2253 769 2308 viseerum
793 2253 919 2308 interiora
970 2269 1049 2309 sessu
1075 2256 1273 2313 anachoreseos
1297 2259 1417 2326 positus,
1441 2257 1532 2314 dicere
1555 2259 1664 2328 quidem
1692 2261 1756 2312 tntilli

134 2348 273 2418 prolapsus
288 2356 341 2413 est,
357 2355 491 2417 totopene
505 2348 566 2401 rite
580 2362 636 2402 suar
660 2356 781 2418 tempore
795 2349 919 2420 aliquan.
972 2345 1081 2400 sitiebat
1099 2347 1160 2416 qnia
1185 2346 1340 2416 episcopum
1359 2362 1422 2402 eum
1445 2347 1598 2416 predixerit
1618 2347 1756 2403 tnrururn:

136 2439 220 2492 tulum
235 2438 432 2492 interaneorum
447 2450 499 2492 ucri
523 2437 646 2492 cessabat
666 2439 767 2493 sentire
786 2438 918 2505 dolorem,
970 2436 1018 2491 scd
1032 2445 1122 2490 tamen
1137 2437 1307 2491 visitantibus
1327 2450 1357 2492 se
1376 2437 1517 2507 aliquoties
1531 2435 1669 2501 iratribus,
1685 2440 1757 2492 sole

134 2527 268 2593 ridellcet,
287 2539 326 2594 ut,
344 2527 418 2596 juxta
432 2527 602 2598 Apostolum,
614 2526 704 2582 i'irtus
726 2529 752 2582 iu
768 2528 921 2583 iullrrnitate
971 2530 1016 2584 luat
1028 2530 1113 2584 multo
1127 2544 1188 2585 cum
1200 2530 1295 2586 dolore
1305 2531 1467 2600 protestari:
1483 2529 1549 2600 Quia
1559 2533 1640 2585 etiam
1661 2530 1684 2586 si
1699 2530 1757 2587 ueri

136 2619 323 2690 perficeretur.
971 2623 1066 2692 possit,
1081 2630 1110 2677 ut
1122 2620 1182 2676 Ιἰιι
1204 2630 1283 2678 caute
1297 2623 1478 2691 permodicam
1501 2622 1689 2678 domunculam
1710 2627 1758 2676 tra-

168 2708 254 2776 Quem
276 2722 337 2763 curu
352 2706 467 2763 lanatus
492 2706 716 2764 buatitri¹lioisil
736 2723 751 2762 a
769 2707 922 2764 uaktudine
971 2715 1038 2769 bens
1051 2714 1189 2777 deliteam,
1206 2714 1250 2768 ubi
1276 2715 1552 2770 circumierentcsme
1572 2714 1688 2783 nudique
1707 2715 1756 2769 llu-

134 2810 257 2857 ssuatum
275 2810 410 2870 cerneret,
428 2803 465 2855 ait
481 2818 487 2853 :
506 2818 516 2853 r
533 2801 622 2868 Vides,
639 2800 731 2867 irater,
747 2803 809 2872 quia
824 2802 922 2858 libera·
970 2816 1031 2860 ctus
1054 2806 1154 2862 tioeani
1173 2806 1356 2872 tumescentis,
1381 2821 1397 2861 a
1422 2815 1578 2862 cunctorum
1602 2810 1755 2862 mortalium

134 2902 177 2946 tus
199 2906 257 2946 esa
279 2892 402 2946 molestia
422 2908 472 2960 qun
488 2892 639 2957 laborabas,
665 2899 693 2946 et
711 2891 771 2948 dico
787 2892 833 2948 tibi
849 2893 922 2964 quod
976 2897 1037 2951 sisu
1052 2896 1153 2966 pariter
1162 2904 1190 2951 et
1203 2896 1354 2966 cognitione
1365 2881 1505 2952 recludant
1515 2913 1524 2950 ε
1536 2910 1585 2951 ιιι
1595 2898 1635 2951 sic
1649 2896 1755 2966 quidem

132 2996 163 3038 ea
174 2982 232 3052 jam
248 2984 315 3036 ultra
331 2983 478 3053 tangendus
493 2997 545 3035 non
555 2995 598 3045 es,
614 2997 700 3052 ireque
711 2981 762 3037 boc
776 2984 922 3039 moriturus
972 2986 1087 3042 liberunt
1110 3002 1155 3043 me
1168 2986 1203 3042 ab
1213 2986 1316 3042 insidiis
1331 2987 1423 3042 muudi
1438 2985 1555 3043 fallentis
1573 2988 1688 3053 estimo,
1708 2991 1756 3043 sed

134 3070 161 3125 ie
174 3080 318 3145 tempore,
333 3070 466 3137 simulque
487 3085 594 3135 moneo,
608 3079 638 3124 ut
656 3071 717 3140 quia
739 3087 783 3128 me
798 3089 871 3129 mors
888 3057 956 3126 ric
974 3076 1008 3130 ibi
1029 3090 1135 3147 quoque
1152 3075 1217 3147 quia
1241 3076 1357 3146 qualibet
1378 3092 1410 3132 es
1429 3090 1510 3131 causa
1526 3077 1686 3148 philargyria
1712 3094 1756 3133 urs

133 3163 193 3216 eitra
207 3161 388 3231 prestolatur,
403 3160 507 3215 discere
521 3176 536 3214 a
560 3176 603 3217 me
625 3162 724 3231 aliquid
742 3164 859 3232 quandiu
872 3164 920 3219 do·
971 3176 1080 3223 tentans
1094 3167 1215 3237 abripere
1230 3167 1427 3237 possitrereor.

133 3253 310 3309 eereraicam
331 3265 384 3306 uon
407 3252 524 3307 omittas.
540 3251 598 3306 tlon
620 3252 691 3307 eninr
707 3254 860 3325 plusquam
876 3271 920 3311 se·
972 3278 1049 3334 cqp⁴
1076 3278 1121 3333 qq,
1161 3278 1244 3342 qm,
1276 3277 1380 3332 ww„
1407 3294 1467 3348 „qa
1495 3279 1663 3334 mmmmm
1690 3283 1759 3335 „Hpq

137 3354 209 3413 ptem
231 3342 291 3398 dies
304 3349 378 3407 sunt,
394 3339 491 3411 quibus
514 3340 579 3396 milri
604 3342 637 3396 ad
651 3343 800 3399 docendum
821 3347 920 3400 sanitas
1211 3349 1367 3402 Grrdlercrur
1380 3351 1514 3403 restiterit.

135 3440 274 3510 eorporis,
303 3449 331 3494 et
358 3438 454 3507 lingua
476 3446 600 3507 suppetat
621 3440 742 3493 virtues
774 3439 921 3509 Respondit
1009 3442 1221 3500 l‘ost¹'obituru
1242 3457 1307 3513 ergo
1327 3442 1416 3497 dilecti
1433 3443 1486 3498 ileo
1503 3446 1649 3501 sacerdotis
1665 3446 1754 3501 boisili

135 3524 315 3595 eadberctus,
329 3526 396 3581 nibil
411 3525 538 3582 hesitans
560 3520 596 3582 ¹de
610 3530 723 3584 ueritate
743 3530 877 3586 dictorum
892 3533 923 3585 ii·
975 3543 1149 3601 memoratum
1164 3532 1298 3601 prepositi
1313 3529 1431 3586 odicium
1444 3530 1612 3587 cudberctus
1626 3536 1757 3603 surserpb,

134 3617 221 3675 litate
235 3618 271 3673 Et
281 3617 357 3688 qaid,
372 3631 448 3687 roqo,
460 3617 589 3687 optimum
605 3618 670 3674 milti
683 3619 834 3692 estleqere,
850 3623 920 3693 quod
973 3630 1001 3676 ot
1014 3637 1062 3692 per
1076 3623 1178 3692 aliquot
1197 3635 1282 3676 anuos
1306 3621 1430 3690 spiritali,
1449 3632 1478 3676 ut
1494 3632 1614 3678 sanctum
1635 3623 1755 3683 decebat,

138 3718 228 3765 umen
256 3723 306 3762 uua
331 3707 435 3763 valeam
460 3722 645 3764 consummare
672 3712 870 3780 septimanali
888 3717 922 3768 at
972 3728 1102 3768 exercens
1117 3712 1259 3776 industria,
1277 3720 1290 3746 c
1306 3726 1358 3765 uon
1372 3711 1459 3766 solum
1474 3713 1524 3782 ipsi
1540 3715 1701 3770 monasterio
1715 3731 1758 3769 re-

138 3798 183 3854 iile
198 3814 206 3851 ε
220 3814 232 3851 ι
245 3796 387 3863 ioannem,
412 3797 507 3868 inquit,
522 3800 723 3870 evangelistam.
739 3821 749 3855 ι
767 3803 814 3859 Est
830 3818 921 3861 autem
971 3804 1071 3875 qularis
1085 3802 1145 3860 uite
1159 3801 1272 3866 monita,
1297 3802 1376 3857 sitnul
1399 3812 1426 3857 et
1447 3802 1570 3874 exempla
1586 3803 1757 3871 preferebtl.

137 3889 201 3945 mibi
224 3889 308 3945 ruder
322 3887 338 3927 δ
351 3888 451 3944 itabens
478 3893 668 3958 quaterniones
694 3905 796 3964 septem
809 3938 817 3963 ,
829 3896 841 3929 ¹
854 3913 920 3967 quas
971 3894 1019 3949 sed
1034 3905 1062 3950 et
1084 3893 1178 3964 vulqus
1203 3892 1424 3961 circumpositum
1448 3893 1527 3962 longe
1547 3894 1651 3965 lateque
1671 3911 1686 3951 a
1704 3899 1757 3950 rita

615 3998 847 4058 iubeatuttutt
869 4002 1064 4059 tentasses
1084 4001 1285 4058 lectiones

175 4092 183 4121 ¹
198 4087 288 4141 Duttts.
1009 4092 1129 4159 ’Huqtttt
1143 4109 1210 4145 crim.

172 4160 184 4190 ¹
198 4162 285 4227 ,teque
296 4159 365 4210 euim
378 4157 555 4212 dubitandum.
1009 4164 1069 4216 ¹¹riri
1078 4151 1215 4234 'quadrum

174 4238 184 4266 ¹
198 4227 417 4293 nb'ortdespcwt't.
1010 4236 1021 4265 ¹
1033 4235 1087 4284 Suo
1096 4235 1150 4299 lilio
1164 4235 1287 4299 futurum.

171 4296 183 4327 ⁸
196 4295 304 4351 t'enrre
315 4300 460 4366 apparebat.
1011 4301 1033 4332 ¹¹
1044 4299 1159 4354 incaute.

170 4366 272 4431 'Quoue
1011 4374 1029 4403 ¹¹
1045 4375 1145 4424 libitum
1159 4387 1226 4424 cmo.

172 4435 183 4467 ⁸
195 4436 328 4506 St'rrqttlus.

794 4526 969 4585 statuatur
988 4525 1103 4582 NOTAE.

137 4614 276 4672 Cudlercu
296 4613 526 4671 obseruationibus
549 4617 620 4685 apud
640 4616 700 4672 bct.
724 4617 790 4674 Beu.
811 4632 867 4675 sec.
891 4632 921 4682 u,
938 4625 1035 4685 nctus
1049 4616 1184 4684 praepositi
1203 4616 1382 4670 blaiiroseusis
1396 4613 1513 4668 silicium
1529 4615 1655 4683 suscepit.
1670 4625 1757 4685 etper

139 4702 163 4755 p.
176 4686 241 4749 878,
254 4685 390 4738 alstrmans
406 4686 435 4740 S.
447 4686 624 4740 Cudberctum
639 4687 775 4757 accepisse
789 4703 842 4742 non
858 4688 924 4744 Sco·
973 4687 1077 4755 aliquot
1097 4699 1183 4739 arsuros
1201 4689 1299 4746 tenuit:
1312 4684 1359 4738 sed
1384 4684 1435 4737 lroc
1459 4699 1510 4736 nort
1532 4684 1619 4753 potuit
1640 4690 1758 4743 tenuisse

138 4766 226 4817 incarn,
237 4756 285 4807 scd
303 4754 384 4817 Petri,
399 4769 505 4810 errasse
517 4754 630 4818 uidetur,
650 4766 678 4812 et
702 4765 822 4813 econtra
837 4757 923 4814 couti·
974 4770 1022 4822 per
1043 4755 1145 4823 aliquot
1166 4767 1261 4817 anctos,
1278 4753 1300 4808 si
1325 4753 1350 4807 id
1375 4753 1535 4814 suscepisset
1561 4768 1605 4807 an.
1632 4757 1702 4819 blis;
1724 4772 1757 4810 en

138 4835 262 4878 nustores
289 4823 406 4876 llnllaudi
430 4833 503 4879 recte
529 4827 710 4893 suspicantur,
731 4835 832 4881 testum
856 4842 922 4880 auo·
972 4825 1044 4879 euim
1059 4826 1117 4893 ipso
1131 4838 1203 4877 anuo
1217 4823 1302 4877 lictus
1326 4830 1367 4876 cst
1392 4823 1614 4878 Lindidurnensis
1629 4830 1757 4894 praeposi-

138 4891 567 5018 stillicidium}
582 4895 697 5020 ⁸⁶'³s¹'⁸‘¹’
714 4896 921 4952 ⁵⁶⁸m²⁸³⁰‘⁰'¹‘
972 4892 1202 5018 {ilibdl'dm
1223 4891 1756 5021 lt't.'tl¹‘tl‘llll¹'¹tl·³¹¹¹'il''···

192 4979 306 5024 ,o.
386 4979 496 5017 rou
569 4979 607 5017 se.
645 4980 721 5020 stru.
1004 4980 1052 5023 ι,
1092 4979 1135 5018 re
1202 5000 1270 5023 ..
1357 5003 1364 5026 ,
1512 4979 1551 5015 or.
1602 4981 1667 5018 r.c
1712 4984 1757 5020 rr.

172 5031 291 5086 ⁸Boisil.
309 4980 482 5086 batroopnide
498 5048 534 5096 ιι,
547 5035 592 5096 tt,
607 5044 635 5088 et
648 5048 674 5100 r,
690 5036 717 5090 b.
732 5034 770 5090 lo.
971 4976 1427 5101 dirupuergsttsnru’
1610 4979 1626 5034 ε
1720 4984 1736 5021 n

171 5101 228 5155 ¹¹lu
244 5102 291 5157 tib.
305 5102 393 5156 utrae.
408 5101 439 5157 S.
457 5103 598 5156 Cirtbberli
613 5117 673 5172 cap.
690 5105 739 5158 ιιΙι.
760 5105 857 5159 dicitur
869 5104 920 5160 iste
1006 5103 1021 5142 ⁴
1036 5108 1112 5156 diruo
1123 5101 1195 5156 circa
1208 5098 1261 5156 udi
1274 5111 1301 5156 et
1315 5101 1421 5171 quidem
1438 5115 1452 5151 ι
1467 5097 1526 5155 ΙιΙιιι
1538 5102 1687 5170 Septemb,
1705 5121 1759 5172 quo

136 5172 220 5226 codes
237 5173 264 5223 iu
278 5170 393 5226 eeclesia
408 5171 579 5226 bunetmenst
593 5176 736 5229 asservari.
751 5175 863 5230 blastus.
969 5173 1014 5229 die
1028 5173 1055 5227 iu
1079 5172 1164 5226 Fastis
1186 5171 1284 5226 lteued.
1300 5170 1460 5226 celebratur.
1481 5170 1519 5225 [le
1543 5186 1576 5226 so
1600 5175 1654 5243 aqit
1677 5176 1756 5228 etiarn

172 5240 326 5295 ‘Peruenit
340 5240 421 5294 boisil
434 5242 589 5310 obiitpaulo
604 5244 821 5310 postdiseessnm
837 5246 920 5299 blatan
970 5244 1041 5298 lleda
1065 5244 1091 5297 in
1107 5242 1153 5296 lib.
1169 5255 1196 5296 tt
1217 5240 1285 5294 liist.
1310 5255 1371 5306 cap.
1383 5238 1430 5301 st,
1449 5241 1492 5293 uin
1515 5241 1607 5298 statuit
1628 5257 1756 5296 ιιιιιιιιι·

137 5323 329 5380 suorumquea
346 5309 469 5377 liripensi
485 5312 662 5376 nuntiastsrio,
675 5314 719 5383 rqrri
737 5315 834 5367 accidit
846 5317 919 5369 circa
970 5315 1036 5366 dum
1049 5311 1157 5366 liuilros
1167 5313 1193 5364 itt
1204 5311 1262 5379 ripo
1275 5308 1351 5364 Tuidi
1362 5310 1599 5380 demisisposituut
1611 5313 1636 5367 iu
1652 5316 1754 5383 duplico

136 5394 180 5433 su.
195 5377 348 5449 tidhjnrta
373 5380 446 5436 blatt
470 5378 583 5435 Westm.
601 5382 665 5436 ilide
687 5392 766 5436 etiam
783 5392 872 5439 noum
888 5384 923 5440 de
970 5382 1122 5451 Scntieqns
1147 5379 1292 5442 cutrlluiis.
1320 5380 1396 5448 ⁰⁰1¹ss
1421 5383 1576 5435 m⁰¹¹¹⁵¹⁰¹¹¹
1603 5393 1693 5449 1¹⁰¹'0²
1721 5390 1753 5436 ¹¹¹

138 5460 260 5512 temporo
273 5449 425 5504 donationis
440 5451 519 5518 liujus
535 5452 689 5506 monasterii
711 5455 744 5505 ud
770 5453 920 5519 vilfridum,
971 5454 1163 5508 cistercienses
1178 5450 1297 5505 detolnti
1320 5448 1429 5519 uestigia
1453 5450 1575 5517 «quiedam
1599 5465 1755 5520 supersunt,

136 5533 162 5583 r,
176 5520 220 5573 19.
237 5519 404 5574 Ιιιιιιιοιιιιιι
416 5520 441 5573 in
456 5536 506 5574 suo
520 5523 648 5575 secutori
662 5533 688 5574 ut
700 5523 818 5576 llotlaudi
831 5526 919 5577 couti·
974 5531 1088 5578 testante
1104 5518 1201 5574 baside
1214 5520 1374 5575 camerario.
1389 5520 1502 5575 lisoius.

136 5599 265 5644 nrumres
283 5587 319 5642 ΞΟ
342 5588 428 5643 ilartii
453 5590 579 5643 lioisilum
609 5589 705 5645 irrrstra
731 5593 805 5647 sirint
826 5594 922 5649 delun·
1011 5591 1096 5645 utun
1115 5590 1209 5643 solunt.
1224 5587 1321 5643 Totum
1336 5588 1391 5644 lere
1415 5600 1495 5658 caput
1517 5590 1579 5646 ride
1591 5593 1755 5663 exscriptum

135 5670 208 5713 etum
220 5674 265 5713 an.
281 5658 344 5712 ulit.
359 5659 425 5722 Quoia
439 5673 496 5723 cap.
513 5662 529 5712 ll
544 5669 604 5727 post
619 5661 745 5715 lioisilum
756 5661 784 5717 S.
800 5663 920 5718 Ctrdber·
974 5662 1000 5716 in
1014 5676 1050 5727 ιι,
1064 5660 1111 5715 ti.
1124 5660 1219 5714 Surus.

301 5752 434 5810 cirron.
454 5749 560 5811 ilCli'.
1278 5736 1287 5745 ’
1465 5745 1503 5805 23
