3802 6126
173 242 243 310 tlst

172 369 282 416 centum
299 355 493 431 qninquaginta
508 370 592 429 usque
610 358 645 413 ad
669 358 757 413 ricius
782 356 962 413 Sodomorum

174 448 354 523 protenditur.
369 448 437 505 Nam
454 459 482 508 ει
495 451 528 507 (ιε
548 449 637 520 puteis
650 449 786 520 quondam
812 448 877 505 salis
903 458 964 518 post

172 544 297 601 Sodomae
323 554 349 598 et
376 541 535 599 Gomorrliae
560 551 588 596 et
616 541 756 597 ciuitatum
788 541 963 597 dnitinrarnm

172 636 388 694 combustionem
405 635 553 690 inundasse
575 635 758 690 certissimum
776 645 827 690 est.
845 636 965 706 Apparet

171 742 238 784 reru
254 728 347 799 procul
364 729 397 784 de
418 727 526 797 specula
542 727 641 782 montis
658 725 755 782 oliveri
778 725 962 790 cernentibus,

172 821 244 887 qumi
265 818 395 874 lluctuunr
422 818 562 873 collisione
586 828 762 881 commotum,
780 815 961 873 salsissimum

171 911 246 983 ejicit
270 912 320 975 sal,
348 919 375 966 ει
402 912 454 965 lmc
481 909 537 965 sole
564 909 694 963 siccatum
710 907 851 976 accipitur,
870 908 963 962 multis

171 1005 272 1073 nlriquc
297 1004 451 1059 nationibus
468 1003 650 1073 prnlnmrnm.
666 1003 750 1055 Aliter
772 1016 836 1056 reru
852 1001 878 1053 in
894 1015 963 1068 quo·

171 1097 232 1149 darn
251 1096 342 1149 Siculo
361 1106 452 1150 rnorne
467 1095 508 1151 sal
526 1095 583 1149 lleri
602 1094 711 1159 dicitnr,
731 1094 776 1148 ubi
800 1091 914 1162 lapides,
928 1092 962 1145 de

172 1197 243 1243 terra
274 1189 370 1252 evulsi,
396 1203 488 1243 rernm
516 1186 693 1243 salsissimum
724 1185 775 1249 sal,
803 1194 831 1240 ει
856 1183 962 1239 curretis

172 1279 265 1334 usibus
289 1278 459 1348 aptissimum
478 1278 627 1345 praebeant,
645 1277 715 1345 quod
733 1289 794 1331 esse
816 1274 856 1329 sat
881 1285 961 1329 terrae

171 1370 282 1425 dicitur.
312 1369 447 1424 Mortuum
471 1376 562 1424 auteur
587 1381 662 1423 nrsre
691 1364 858 1436 appellatur,
890 1362 962 1432 quod

171 1461 240 1517 nihil
268 1461 380 1532 recipiat
406 1475 535 1531 gerrcrum
562 1455 723 1521 rirerdinm,
748 1472 837 1525 nenne
861 1456 961 1525 pisces,

171 1570 258 1625 neque
275 1565 399 1610 assuetas
410 1553 488 1623 aquis
500 1567 581 1618 ares;
597 1551 666 1606 tauri
679 1551 831 1621 camelique
841 1548 960 1604 fluitent.

172 1649 293 1718 Denique
317 1651 339 1703 si
368 1647 493 1702 iordanis
521 1657 617 1701 auctus
643 1645 775 1702 imbribus
794 1644 882 1715 pisces
898 1642 962 1698 illoc

172 1742 286 1797 irrssuens
317 1742 447 1811 rapuerit,
462 1739 554 1795 statim
580 1738 743 1802 rrruriuntnr,
765 1747 792 1793 et
819 1736 962 1807 pinguibus

171 1835 249 1907 aquis
289 1841 478 1903 supernatant.
509 1830 660 1887 Lucernam
698 1845 840 1886 accensam
870 1828 962 1884 lerunt

169 1935 349 1995 supernatare
373 1925 432 1981 sine
452 1920 505 1978 ulla
533 1923 722 1990 conreraione,
749 1938 798 1979 nee
824 1922 962 1978 exstincto

167 2019 290 2087 demergi
308 2018 409 2072 lumine
426 2034 433 2072 :
452 2017 517 2085 quin
531 2024 558 2071 ει
574 2031 622 2070 urs
635 2017 786 2071 derrrersum
799 2025 858 2069 arte
874 2013 961 2084 quali-

170 2112 215 2168 bet
230 2111 338 2167 dillleile
353 2112 456 2166 batere
471 2111 497 2163 iu
514 2107 814 2179 prolundo,omuiaqne
829 2107 959 2171 uirentia,

170 2208 293 2259 «terrersa
309 2203 371 2257 lieet
386 2217 413 2257 et
428 2202 603 2257 rclreruentor
626 2200 705 2265 illisa,
722 2201 813 2256 statim
831 2199 959 2254 resilire:

170 2296 287 2364 electique
316 2293 511 2361 Vesqmsiaunm
537 2293 709 2362 praecepisse,
734 2289 816 2346 nautii
852 2291 961 2357 ignaros

171 2386 298 2442 rcrinctis
331 2385 457 2438 rumribus
488 2383 514 2438 in
541 2382 706 2453 prolnudurn
737 2379 830 2450 dejici,
858 2395 961 2451 cosque

165 2494 265 2533 orrrrres
292 2477 364 2532 illico
388 2464 685 2546 supernatantesque
716 2474 772 2544 ipsa
800 2473 902 2530 sterilis
932 2486 960 2531 et

168 2585 273 2637 amara,
288 2570 448 2638 caeterisque
461 2568 538 2639 aquis
552 2567 704 2629 obscurior,
718 2576 743 2621 ει
760 2565 840 2637 quasi
853 2566 959 2620 adrrstrc

166 2661 315 2734 praeferens
328 2658 545 2715 similitudinem.
560 2654 656 2728 vagari
678 2673 761 2727 super
780 2670 864 2726 aquas
888 2656 959 2711 bitu·

169 2754 251 2809 mirris
263 2753 355 2824 glebas
371 2760 475 2807 eertum
492 2759 533 2804 ost
556 2759 615 2804 atro
631 2749 746 2818 liquore,
763 2763 830 2820 quas
850 2750 959 2817 scaplris

166 2847 419 2917 appropinquantes
447 2844 587 2913 colligunt.
621 2840 730 2897 llaererc
757 2840 808 2896 sibi
837 2841 958 2897 bitumen

166 2938 264 3005 lortur,
281 2947 309 2993 et
327 2951 496 3007 nequaquam
516 2935 589 2990 lerro
616 2931 739 3006 praecidi,
756 2933 880 3004 sanguini
897 2944 960 2989 tarr·

165 3037 227 3084 turn
243 3028 386 3084 runlierum
403 3036 541 3082 rucnstruo
556 3026 597 3082 rel
610 3027 695 3081 uriuae
708 3027 824 3082 cudere:
839 3025 904 3080 utile
916 3035 958 3081 est

166 3131 258 3176 autem
274 3120 307 3173 ud
323 3134 479 3188 rorupagem
494 3118 615 3184 narium,
631 3118 671 3172 rel
696 3119 856 3188 corporibus
870 3117 958 3172 burni-

168 3228 232 3267 num
251 3210 403 3266 uredcrrdis.
416 3211 513 3263 Servat
527 3211 614 3263 adlruc
631 3211 704 3280 regio
717 3212 836 3281 speeiem
852 3224 956 3280 poenae:

167 3313 319 3358 irascuntur
343 3302 416 3356 eninr
451 3300 486 3353 ibi
518 3315 597 3369 poma
629 3300 899 3373 pulcherrimumque
931 3316 958 3360 et

165 3395 263 3452 edendi
292 3395 466 3463 cupiditatem
486 3392 675 3462 spectantibus
691 3402 822 3462 generant
837 3410 845 3448 ε
860 3394 882 3450 si
895 3410 958 3449 cur·

165 3503 226 3557 pas,
240 3486 369 3541 latiscnrrt
383 3501 415 3541 ac
431 3485 602 3540 resoluuntur
615 3484 643 3538 iu
657 3486 788 3552 obterere,
801 3487 958 3559 lurrrmuque

165 3581 296 3656 ercitum,
324 3579 401 3649 qnasi
432 3580 522 3634 adbuc
551 3581 678 3634 ardeant.
709 3579 781 3634 Sanc
808 3581 834 3635 in
863 3582 958 3636 diebus

165 3672 270 3729 astatis
295 3669 456 3726 imnmdicus
471 3684 519 3739 per
534 3671 621 3739 spatii
643 3670 732 3742 campi
748 3682 845 3726 astuat
862 3689 956 3741 uapor,

167 3763 239 3821 uude
250 3775 277 3820 et
291 3764 458 3819 coalescente
469 3763 535 3819 uitio
550 3763 640 3817 rriuriac
650 3765 782 3819 siccitatis
791 3774 872 3836 atque
883 3765 956 3818 lrnmi

166 3860 251 3916 aridae
279 3857 434 3928 corruptior
458 3872 505 3913 aer
532 3857 702 3914 nrlserandas
729 3857 826 3914 incolis
847 3856 957 3914 conticit

164 3953 352 4027 egritudines.

163 4131 232 4188 cm.
248 4128 306 4184 xli.
323 4128 407 4185 -Dc
421 4130 478 4185 ioco
496 4131 522 4184 iu
537 4145 587 4201 quo
603 4128 802 4200 baptizatorem
818 4130 956 4186 Doruinrrr.

202 4312 231 4368 iu
260 4313 329 4376 loco,
359 4313 385 4367 in
413 4328 468 4382 qno
497 4312 628 4367 llominns
654 4297 956 4383 baptizatuscsl,'crux

166 4406 254 4478 lignea
283 4415 337 4461 stat
362 4421 449 4475 usque.
468 4405 502 4459 ad
524 4404 624 4459 collum
638 4402 702 4468 alta,
720 4419 781 4475 quc
793 4405 957 4477 aliquotiens

164 4514 236 4569 aqna
253 4499 463 4554 transcendente
488 4496 664 4551 absconditur
679 4512 687 4549 r
705 4512 720 4550 a
738 4512 791 4565 qno
814 4496 872 4554 lucu
897 4501 954 4569 ripa

165 4592 290 4657 ulterior,
307 4592 333 4647 id
348 4600 400 4656 est,
414 4591 555 4644 orientalis
570 4590 597 4643 in
618 4589 693 4659 jactu
718 4590 809 4646 lrrudte
823 4602 874 4658 est,
891 4593 957 4646 cite-

166 4684 223 4740 rior
237 4699 300 4739 rere
323 4684 381 4753 ript
399 4684 424 4737 in
442 4683 589 4751 supercilio
614 4683 753 4738 monticuli
779 4685 881 4754 grande
896 4700 955 4738 mo·

165 4778 316 4831 trasteriurn
346 4784 435 4846 gestat
465 4774 498 4830 tt.
532 4773 644 4830 inuuuis
676 4772 804 4847 Baptistae
841 4777 955 4833 ecclesia

164 4869 285 4933 ciarnm;
315 4867 350 4923 tle
376 4885 429 4938 quo
451 4883 500 4938 per
531 4879 640 4937 pontem
673 4870 789 4925 arcubus
817 4870 955 4926 snlirdtum

163 4962 254 5017 solerti
276 4963 440 5016 descendere
467 4961 500 5015 ad
529 4959 603 5014 illam
629 4975 751 5023 crucem,
767 4971 795 5016 ει
818 4962 954 5018 marein

163 5065 287 5109 ostreum
316 5051 434 5107 llunrinis
462 5062 555 5122 parte,
581 5054 714 5120 qnam-ata
746 5050 860 5105 ecclesia
897 5064 953 5114 est,

163 5156 281 5216 quatuor
304 5143 417 5212 lapideis
440 5144 547 5197 cancris
573 5142 754 5210 superposita,
776 5145 865 5198 coctili
880 5157 954 5198 creta

165 5241 281 5306 desuper
295 5245 378 5302 tecta,
392 5237 436 5290 ubi
451 5235 558 5290 iioruiui
578 5236 740 5290 restituenda
757 5254 817 5290 curn
831 5239 954 5307 baptiza·

164 5343 241 5386 retur
263 5339 369 5384 serrata
399 5342 460 5383 esse
488 5328 626 5383 dicuntur.
644 5326 720 5382 lianc
746 5343 801 5383 nou
831 5331 955 5386 immines

164 5422 281 5488 intrare,
300 5421 347 5478 sed
370 5422 489 5492 undique
513 5422 623 5490 cingere
643 5435 675 5475 ac
692 5431 836 5491 penetrare
853 5425 952 5480 solent.

163 5513 206 5569 Διι
220 5530 252 5568 eo
267 5515 336 5581 loco,
349 5531 403 5586 quo
415 5519 447 5570 de
461 5515 585 5569 lancibus
601 5514 682 5568 rrraris
697 5513 813 5570 Galilaeae
827 5513 955 5572 iordanis

164 5615 232 5672 cart,
251 5624 335 5677 usqne
350 5609 395 5666 ubi
412 5624 488 5664 mare
504 5605 638 5664 lter-tuum
653 5607 747 5674 intrat,
762 5618 825 5666 octo
848 5609 954 5665 dierum

156 5696 215 5754 iter
228 5709 282 5756 ert.
833 5685 842 5695 ’

634 248 687 309 sl)
706 244 925 308 llltlt'ttttOL.
947 246 1056 306 bitus
1076 244 1325 310 sponderetis

1740 242 1814 312 1128

1019 355 1084 412 Car.
1101 354 1169 412 lilll.
1184 387 1220 398 -
1235 356 1397 413 deterritis
1413 369 1437 413 et
1453 357 1530 421 melle
1545 357 1676 430 rplucrtrl,
1695 368 1721 417 et
1738 360 1815 432 [unte

1230 426 1437 483 carumlocum·
1456 426 1596 499 Baptistae.

1052 544 1193 602 llinimnm
1215 561 1301 617 genus
1326 544 1490 601 locustarum
1506 545 1601 613 inisse,
1615 540 1669 619 qno
1689 547 1814 605 ioannes

1017 639 1137 711 Baptista
1154 651 1247 710 pastus
1261 649 1312 703 est,
1331 655 1417 708 usque
1434 639 1513 695 bodie
1526 651 1650 709 apparet,
1668 656 1731 712 quae
1749 659 1814 697 cor·

1018 731 1138 802 puseolis
1161 732 1186 785 in
1209 731 1318 786 mudum
1334 731 1410 802 digiti
1426 747 1522 787 luanus
1538 733 1654 790 exilibus
1674 743 1702 789 et
1716 734 1811 790 breri-

1019 839 1062 885 rts,
1082 824 1109 878 iu
1127 820 1221 877 herbis
1239 821 1319 878 facile
1335 834 1433 893 capta,
1454 834 1595 892 coctaque
1615 825 1640 879 ιιι
1658 824 1720 880 oleo
1736 841 1808 896 pau·

1016 930 1110 988 parem
1138 917 1259 987 praebent
1283 917 1395 972 rictum.
1423 916 1453 972 lu
1481 919 1575 973 eodem
1603 918 1714 974 deserto
1745 930 1812 974 snut

1016 1010 1139 1070 arbores,
1169 1007 1231 1062 lolia
1262 1007 1315 1061 lata
1342 1018 1369 1062 ει
1397 1007 1511 1062 rotunda
1546 1008 1624 1062 lactei
1654 1009 1757 1064 culturis
1783 1019 1812 1063 et

1017 1101 1109 1155 melliti
1142 1102 1247 1169 saporis
1284 1100 1426 1165 habentes,
1457 1115 1518 1171 quae
1556 1110 1652 1155 nntrrra
1688 1101 1810 1171 fragilia,

1017 1194 1141 1248 titanibus
1169 1195 1355 1250 confricantur
1382 1202 1410 1248 et
1433 1193 1561 1247 eduntur.
1585 1190 1641 1247 lloc
1666 1207 1728 1248 csse
1756 1194 1811 1246 mel

1016 1283 1148 1354 sylvestre
1163 1284 1270 1338 dicitur.
1283 1281 1382 1338 lbidcnr
1394 1292 1421 1336 et
1433 1282 1495 1338 lons
1509 1281 1539 1336 S.
1548 1280 1664 1336 ioannis
1679 1279 1812 1351 baptistae

1015 1375 1168 1429 ostenditur
1182 1371 1269 1429 lueida
1285 1388 1365 1443 aqua,
1376 1371 1481 1443 lapideo
1491 1383 1629 1442 protectus
1644 1381 1718 1428 teuto
1735 1371 1812 1427 calce

1015 1463 1124 1536 perlito.

1088 1600 1153 1656 Gru.
1178 1599 1247 1656 xlv,
1259 1630 1295 1642 ·-
1306 1600 1345 1655 lle
1359 1600 1430 1672 [orire
1441 1599 1523 1656 inrui
1532 1598 1740 1672 praessuram.

1052 1713 1139 1785 Prope
1164 1715 1302 1771 ciuitatem
1337 1716 1459 1782 Sicltcm,
1488 1731 1549 1787 quae
1576 1730 1650 1772 nunc
1676 1715 1811 1786 Neapolis

1016 1807 1126 1876 dicitnr,
1147 1808 1263 1864 ecclesia
1285 1806 1436 1879 quadrifida
1452 1818 1503 1875 est,
1519 1811 1570 1864 ime
1597 1819 1651 1874 est,
1670 1807 1697 1863 in
1716 1809 1812 1864 crucis

1016 1902 1127 1956 modom
1154 1901 1237 1958 lacta.
1255 1902 1283 1958 ln
1298 1901 1377 1971 cuius
1394 1903 1483 1957 medio
1506 1900 1568 1958 lons
1588 1898 1673 1957 iacob
1688 1901 1812 1971 quadra·

1015 1994 1090 2064 ginta
1104 1993 1204 2050 cubitis
1220 1995 1298 2062 altus,
1313 2012 1327 2048 a
1347 1995 1433 2051 latere
1446 1996 1505 2065 ipso
1516 2010 1601 2065 risque
1616 1994 1650 2048 ad
1666 2007 1808 2050 surrmmm

1015 2087 1159 2159 digitorum
1171 2087 1300 2153 extemis,
1319 2088 1353 2142 ds
1367 2104 1421 2158 quo
1441 2087 1665 2158 borrrinusaqnas
1680 2102 1697 2142 a
1710 2085 1810 2142 Sarna-

1014 2179 1104 2234 ritana
1118 2178 1231 2235 muliere
1244 2187 1336 2251 petere
1347 2178 1474 2251 dignatus
1487 2188 1539 2236 est.

1014 2332 1079 2391 car.
1098 2332 1154 2391 xv.
1170 2364 1205 2375 -
1219 2333 1255 2388 lle
1268 2333 1408 2391 Tiberiade
1423 2343 1447 2388 rt
1464 2335 1695 2406 eapturmrmrr
1712 2337 1812 2394 Nosa-

1195 2407 1263 2471 retlr,
1277 2418 1302 2460 et
1318 2407 1382 2461 locis
1405 2406 1498 2462 iridem
1518 2408 1629 2464 cunctis.

1050 2513 1138 2571 Locus
1150 2515 1176 2571 in
1191 2532 1246 2587 quo
1258 2515 1387 2570 [luridum
1401 2531 1486 2587 panes
1510 2517 1650 2574 benedixit
1670 2529 1701 2576 ει
1714 2521 1809 2590 pisers

1013 2609 1083 2667 citra
1101 2624 1176 2664 maro
1198 2608 1323 2673 Gallinas,
1339 2609 1372 2662 ad
1394 2609 1549 2677 aquilonem
1575 2610 1696 2668 ciuitatis
1723 2611 1807 2667 Tilre·

1014 2702 1109 2766 risdls,
1123 2716 1235 2772 osrnpns
1248 2710 1290 2756 est
1304 2700 1437 2757 lrerlmsus
1447 2710 1475 2756 ει
1490 2701 1597 2772 plenus,
1613 2718 1752 2774 nunqnam
1770 2722 1805 2758 mr

1014 2792 1059 2849 illo
1087 2802 1208 2862 tempore
1229 2802 1342 2856 aratus,
1374 2793 1465 2848 nuilus
1491 2793 1645 2863 suscipiens
1675 2794 1806 2862 aedilicia,

1013 2885 1115 2943 iontem
1142 2896 1307 2952 tarrtnrn,e1
1332 2902 1386 2954 quo
1410 2894 1476 2941 tunc
1491 2885 1529 2941 illl
1554 2885 1694 2951 biberunt,
1711 2899 1808 2943 osten·

1013 2977 1089 3033 dens.
1103 2975 1152 3044 Qui
1172 2991 1237 3045 ergo
1256 2978 1290 3031 ab
1308 2975 1380 3032 AEiia
1402 2976 1591 3047 Capbaruaum
1613 2990 1743 3050 pergunt,
1759 2999 1808 3049 pur

1013 3065 1183 3123 Tiberiadcm
1201 3068 1253 3122 iter
1269 3069 1378 3133 liabent,
1395 3069 1492 3123 deindo
1520 3082 1598 3125 secus
1622 3086 1700 3126 mare
1733 3072 1809 3128 (idi-

1014 3158 1080 3226 laea,
1095 3170 1124 3214 ct
1149 3158 1239 3214 locum
1266 3161 1465 3216 benedictionis
1492 3174 1638 3243 panumja
1664 3179 1719 3232 quo
1748 3181 1802 3220 nun

1012 3251 1091 3322 longe
1106 3252 1299 3322 Cnplrarnaum
1319 3253 1349 3307 in
1364 3252 1462 3307 linibus
1476 3250 1597 3308 Zabulon
1612 3264 1641 3309 ει
1662 3253 1804 3324 deplutu-

1013 3341 1069 3408 lim,
1083 3357 1143 3412 quas
1156 3358 1262 3396 mnrunr
1278 3358 1331 3397 nou
1345 3343 1446 3398 lrabeus
1460 3355 1578 3415 arigusto
1593 3345 1665 3400 inter
1682 3359 1803 3401 muntem

1012 3442 1041 3490 el
1058 3442 1181 3505 stagnum
1199 3434 1251 3489 situ
1276 3449 1357 3503 super
1376 3436 1542 3491 munitiorem
1565 3451 1643 3492 oratu
1669 3438 1804 3493 orientem

1013 3539 1109 3582 versus
1148 3525 1228 3595 lnrrgo
1265 3528 1374 3581 tramite
1403 3526 1585 3596 protenditur,
1617 3539 1738 3583 urontern
1772 3535 1806 3582 alr

1012 3620 1147 3688 aquilone,
1162 3618 1249 3674 lacurn
1265 3618 1299 3671 ab
1318 3628 1412 3672 austro
1428 3618 1541 3674 imberto.
1558 3615 1694 3673 Nazaretlr
1711 3637 1804 3675 ruurus

1013 3726 1068 3765 non
1095 3710 1186 3774 babet,
1212 3711 1259 3766 scd
1285 3725 1381 3780 triagna
1404 3709 1530 3775 aedilicia,
1544 3713 1669 3783 duasque
1686 3712 1803 3783 grand-s

1012 3804 1154 3860 ecelesias.
1176 3803 1231 3859 Una
1246 3812 1289 3860 est
1312 3805 1339 3859 iu
1364 3804 1454 3860 medio
1479 3805 1599 3861 ciuitatis
1626 3820 1709 3875 supra
1735 3808 1803 3862 duos

1013 3898 1122 3952 iuudatn
1151 3912 1275 3963 cancros,
1292 3897 1336 3952 ubi
1367 3898 1505 3967 quondam
1533 3895 1625 3952 luerat
1654 3899 1751 3953 domus
1776 3902 1802 3953 ln

1012 4007 1066 4062 qna
1083 3991 1211 4051 Dorrrinus
1239 3989 1356 4044 nutritus
1380 3999 1423 4043 ert
1446 3985 1545 4043 inians.
1565 3987 1630 4044 llaec
1645 4001 1737 4043 autem
1757 4006 1803 4046 sc·

1011 4083 1093 4139 clusin
1108 4083 1226 4147 duobus,
1245 4091 1274 4134 ιιι
1292 4082 1393 4135 ιιιειιιιιι
1420 4090 1472 4144 esi,
1488 4080 1612 4145 trrtnnlis,
1628 4091 1655 4135 cl
1685 4083 1803 4151 interpu-

1012 4175 1072 4229 sitis
1088 4173 1205 4229 :recubus
1229 4172 1350 4237 aolinlta,
1368 4174 1447 4228 babet
1466 4172 1581 4228 inlerins
1605 4174 1676 4229 inter
1690 4179 1802 4230 eosdem

994 4259 1131 4321 ⁴turnulos
1157 4264 1258 4319 irrrnem
1280 4263 1492 4327 lucidissimum,
1508 4263 1579 4318 unde
1605 4261 1681 4318 cirea
1708 4278 1803 4319 omnes

1012 4374 1096 4429 aquas
1107 4359 1133 4412 in
1151 4358 1267 4412 vasculis
1283 4371 1333 4426 per
1350 4356 1487 4411 trochleas
1505 4355 1530 4410 in
1547 4355 1695 4410 eeclesiam
1712 4366 1802 4410 extra-

1012 4451 1088 4505 bunt.
1104 4450 1194 4504 Altera
1220 4464 1285 4505 reru
1308 4457 1352 4504 est
1372 4449 1487 4505 ecclesia
1514 4448 1561 4504 ubi
1577 4449 1677 4506 doinus
1701 4463 1760 4504 crat
1776 4451 1802 4502 ιιι

1011 4558 1065 4613 qua
1079 4543 1191 4611 angelus
1206 4543 1239 4595 ad
1255 4539 1286 4597 ll.
1306 4539 1421 4596 llariam
1434 4540 1517 4595 uenit.

1011 4678 1076 4737 Cir.
1095 4677 1163 4735 xit.
1176 4707 1211 4719 -
1224 4678 1262 4734 lle
1284 4689 1372 4733 ntoute
1395 4676 1510 4742 Titulor,
1526 4687 1551 4732 et
1579 4674 1666 4732 enlm
1686 4678 1803 4733 ecclesiis

1321 4764 1399 4816 caper
1417 4763 1486 4802 eum.

1046 4863 1123 4918 llons
1138 4862 1246 4919 Tlrabor
1262 4862 1289 4917 in
1307 4864 1397 4917 uredio
1411 4862 1528 4918 Gallinae
1544 4873 1654 4931 carnpo,
1671 4862 1699 4918 in
1718 4863 1804 4917 trilms

1011 4956 1130 5011 millibus
1143 4971 1257 5011 rrraunns
1274 4956 1308 5010 ad
1334 4953 1449 5008 Birreanr
1466 4970 1480 5007 a
1497 4953 1685 5010 Glrenesaretlr
1710 4955 1802 5016 distat,

1010 5064 1042 5105 ex
1060 5050 1133 5105 omni
1149 5061 1225 5119 parte
1239 5047 1381 5112 rotundus,
1396 5046 1528 5102 berbosus
1541 5045 1619 5102 ualde
1635 5056 1664 5103 et
1679 5045 1803 5113 doristus,

1009 5143 1151 5197 altitudine
1183 5142 1292 5210 triginta
1320 5140 1482 5196 stadiorum.
1511 5137 1608 5194 Venter
1640 5139 1699 5210 ipse
1730 5159 1805 5195 carn·

1011 5235 1110 5304 postris
1143 5240 1171 5287 ει
1207 5231 1321 5285 ιιιιιιιιιιιι
1365 5244 1489 5286 aruoenns
1521 5228 1616 5298 uiginti
1651 5240 1679 5283 et
1724 5230 1803 5283 trium

1009 5327 1158 5381 stadiorum
1182 5324 1271 5394 spatio
1297 5323 1435 5389 dilatatur,
1460 5321 1504 5376 ubi
1534 5322 1638 5391 grande
1666 5332 1805 5376 monaste·

1011 5418 1081 5473 rium
1096 5419 1190 5489 grandi
1211 5431 1319 5487 quoqne
1336 5416 1404 5471 silrn
1421 5416 1616 5475 circumdatur,
1643 5422 1702 5470 tres
1718 5415 1805 5470 cccle-

1010 5514 1063 5569 sias
1078 5514 1192 5580 lrabeus,
1204 5513 1280 5583 iuxta
1296 5513 1369 5583 quod
1385 5511 1483 5567 l‘etrus
1497 5510 1536 5565 ait
1553 5526 1562 5565 a
1581 5508 1748 5565 rFaciunrtrs
1764 5509 1804 5563 bic

1010 5602 1060 5659 tria
1084 5601 1277 5671 talreruacula;
1298 5603 1410 5678 [lacus
1435 5616 1513 5659 urum
1545 5602 1666 5670 cinctus,
1692 5599 1803 5675 grandis

1010 5707 1118 5767 gestans
1132 5696 1257 5752 aedilicia.
