3802 6126
136 291 203 350 llll)
485 295 584 351 BEDAE
606 297 830 354 testudineis
848 297 923 354 OPP.
943 296 1030 352 Patts
1051 295 1093 351 li.
1114 324 1147 335 -
1168 292 1357 350 tuttelstet.

760 411 872 468 uetito
889 408 1117 466 cotoniensis.

129 495 252 569 Capitolii
279 516 340 558 arce
356 517 404 571 per
427 517 521 558 omnes
544 502 643 572 grados
660 503 837 571 praecipitatus
858 511 909 566 est,
924 507 948 563 A
963 515 1077 571 corpore
1090 509 1191 566 tensos,
1215 507 1246 556 ut
1264 499 1369 568 longius
1390 498 1564 564 cruciaretur,
1578 499 1665 556 biduo
1686 503 1763 559 inibi·

129 593 217 660 capite
231 593 337 660 colliso,
350 607 515 663 etrrrssorpre
528 593 648 659 cerebro,
664 605 691 648 et
711 594 784 647 omni
798 607 909 662 corpore
960 590 1117 659 superuixit,
1132 605 1187 645 noo
1201 603 1309 646 cesam
1328 605 1358 643 ea
1377 605 1437 659 quas
1453 590 1499 645 bet
1525 600 1599 658 sunt,
1623 594 1757 661 populum

130 683 258 738 dilaniato
281 683 386 756 dignum
400 684 508 738 Christo
530 684 644 737 aninum
669 682 813 738 exlrnlasit.
828 683 909 751 Cujus
962 681 1071 737 docere.
1085 681 1206 750 Cumque
1224 681 1252 735 bi
1266 681 1311 750 qul
1325 679 1437 736 Christo
1451 681 1624 736 crediderant
1639 681 1760 738 bernino-

132 789 229 845 corpus
243 776 268 829 in
284 777 395 831 ecelesia
409 774 491 844 digno
505 773 605 829 honore
624 784 777 829 ueneratur.
799 775 830 828 Et
845 773 910 842 ripi-
960 774 1026 829 satis
1049 782 1169 843 agerent,
1193 781 1223 830 ut
1248 773 1441 843 deponeretur,
1464 774 1623 845 spemque
1646 786 1676 830 ut
1702 777 1754 832 ltoe

129 866 260 920 liasaucti
276 866 390 921 andree
407 867 539 935 Apostoli.
961 865 1132 933 perlicerent,
1160 864 1295 920 nolentem
1317 864 1498 934 impellerent,
1527 867 1677 933 apostotos
1702 869 1753 921 bo·

166 956 197 1011 E.
208 958 283 1011 Pero.
299 954 366 1011 lito.
383 958 547 1011 [lecess—
559 956 586 1011 ln
606 957 712 1014 ciuitate
731 958 824 1014 Patras
848 971 909 1028 pro·
960 956 1025 1010 mini
1049 957 1239 1011 circumstante
1259 956 1371 1026 populo,
1392 965 1421 1012 et
1434 955 1506 1027 Ecca
1530 958 1758 1024 proconsulem

129 1045 223 1098 riocie
246 1045 364 1110 Achaim,
380 1047 467 1101 natale
489 1047 559 1101 beati
579 1046 693 1102 Andreae
716 1046 848 1114 Apostoli,
864 1046 909 1115 spiri
958 1048 1223 1118 soluereturspente
1239 1058 1298 1117 post
1310 1046 1534 1103 verba-orationis
1547 1047 1654 1118 [uigore
1668 1051 1758 1105 curier

128 1138 318 1204 interpretatur
342 1140 433 1204 uirilis,
455 1141 499 1194 uel
518 1140 635 1204 decorus,
650 1139 731 1195 irater
754 1141 837 1195 Petri.
861 1140 909 1195 llic
958 1138 992 1194 sti
1014 1139 1070 1196 iere
1091 1154 1142 1194 uua
1164 1138 1280 1209 desuper
1299 1137 1488 1193 circumfulsus
1502 1137 1580 1204 bora,
1607 1154 1670 1193 cum
1693 1139 1753 1204 ipsu

133 1226 285 1293 predicavit
301 1229 327 1281 in
342 1229 461 1299 Scythia,
476 1230 520 1299 qui
535 1231 569 1283 ab
584 1229 654 1298 Epeo
671 1230 827 1297 proconsule
837 1244 911 1285 eom·
958 1228 1059 1285 lumine
1079 1228 1240 1285 abscedente
1261 1229 1388 1284 emittens
1411 1227 1537 1296 spiritum
1561 1228 1688 1296 perrexit
1717 1230 1757 1282 ad·

128 1320 286 1385 prehensus,
312 1335 372 1374 cum
399 1330 599 1389 perseueranter
627 1322 653 1377 in
678 1322 729 1376 lule
753 1320 853 1375 Christi
880 1329 909 1375 et
960 1320 1115 1376 bourioum.
1129 1321 1211 1392 Cujus
1221 1334 1320 1389 corpus
1332 1318 1475 1374 llaxiorilla
1486 1319 1674 1385 potentissima
1687 1333 1747 1373 ma·

128 1407 273 1479 Eraugelio
297 1409 416 1475 dirraret,
443 1425 551 1465 carcere
570 1413 677 1466 clausus
700 1413 826 1478 primum,
848 1410 909 1466 iude
961 1417 1096 1462 iconarum
1111 1418 1267 1463 reverenter
1279 1406 1428 1476 depositura
1439 1406 1573 1475 sepelivit.
1591 1404 1670 1474 Apud
1680 1407 1753 1461 San·

127 1511 217 1550 coram
242 1499 401 1564 proconsule
427 1500 582 1568 grauissime
604 1515 699 1562 cursous,
730 1500 764 1554 ad
788 1500 909 1552 ultimum
961 1504 1055 1551 etonas
1068 1498 1157 1551 uitale
1170 1498 1254 1552 saneti
1266 1496 1409 1565 Tropbiaoi
1420 1496 1551 1567 episcopi,
1566 1496 1675 1550 uirtutis
1688 1498 1751 1553 riri.

127 1602 206 1644 eruce
222 1587 310 1659 ligatis
334 1588 456 1644 clastibus
478 1590 645 1660 etpedibus,
671 1590 831 1657 iuoilursqoe
856 1596 911 1641 tuto
963 1585 1054 1643 bostrae
1068 1589 1178 1653 castuli,
1195 1588 1364 1657 Euprepitis..

745 1698 857 1754 uetito
879 1698 1132 1757 noueodbtsliu.

1683 295 1760 355 ittet

163 1790 194 1845 B·
213 1791 244 1847 V.
265 1793 308 1855 C..
324 1792 424 1847 Eodem
440 1792 482 1845 die
494 1790 582 1851 visilia
605 1793 635 1848 S.
650 1791 765 1846 Andreae
781 1789 908 1855 apostoli.
927 1793 1065 1856 Matres,
1078 1795 1164 1862 presio
1175 1794 1206 1850 S.
1217 1794 1328 1848 inorsa
1342 1793 1456 1862 apostoli
1468 1793 1531 1863 :qui
1541 1793 1692 1849 eucissus
1705 1809 1755 1863 prs

128 1860 170 1924 ll..
187 1862 218 1915 Et
231 1865 316 1918 natale
330 1863 380 1918 SS.
392 1863 552 1931 Cirrysautlsi
572 1873 599 1918 et
614 1862 699 1916 borriae
713 1869 741 1916 et
755 1860 848 1916 deutri.
863 1859 910 1927 c..
960 1885 1061 1940 emis„
1077 1885 1185 1939 nomin,
1197 1899 1273 1938 snum
1289 1872 1434 1952 ‘commem
1448 1883 1621 1954 mmmm·

129 1930 468 1987 mmmmmmm
999 1973 1750 2036 sumamusmmummmmmm

161 2018 206 2075 3⁰·
217 2050 252 2062 ··
266 2037 282 2075 ¹¹
297 2021 364 2076 ΚΑΒ·
381 2020 471 2076 N³¹³¹⁸
485 2020 515 2077 s·
531 2021 644 2076 mm*
657 2021 780 2089 ³⁹⁰⁵¹⁰¹³·
962 2043 1004 2107 C..
1021 2042 1053 2098 Et
1067 2045 1079 2072 ⁸
1092 2044 1278 2098 Mediolanensi
1293 2043 1322 2100 S.
1336 2044 1472 2098 Atuatoris
1481 2044 1617 2116 episcopi.

45 2157 49 2167 .
163 2110 271 2166 Plenius
287 2112 379 2167 Florus
394 2114 420 2168 iu
435 2114 512 2172 Α.Τ.
534 2114 565 2169 Ι..
588 2132 595 2169 :
621 2114 647 2169 lu
669 2113 781 2182 Achaia,
803 2113 910 2168 ciuitate

817 2203 919 2260 Sillill
941 2200 1053 2258 utimr.

163 2302 174 2329 ⁸
192 2293 332 2360 Videlicet,
349 2296 374 2349 iu
388 2296 494 2350 civitate
506 2295 710 2351 lledioloucnsi.

765 2564 1101 2647 DECEMBER.

748 2716 862 2772 EblTlO
883 2714 1114 2774 cotoniensis

427 2815 619 2871 bedensem
966 2813 1147 2882 Clurysantum
1174 2805 1317 2863 multitudo
1337 2809 1455 2863 virorum
1470 2816 1497 2864 et
1520 2823 1568 2876 per
1582 2807 1691 2865 bariaco
1714 2812 1760 2865 in·

305 2905 390 2960 disier
402 2907 455 2960 diss
472 2923 545 2974 sats,
560 2909 646 2960 tunsus
661 2921 734 2961 sus.
966 2901 1145 2958 niruterabiles
1161 2899 1266 2955 semime
1285 2900 1318 2955 ad
1332 2897 1430 2955 Christi
1442 2899 1559 2969 gratiam
1572 2899 1753 2958 coolluereot.

178 2994 208 3048 tt.
224 2995 344 3051 detrun.
369 2996 487 3052 beccus.
503 3027 538 3038 -
551 2997 644 3052 Natale
662 3002 815 3050 sanctorum
840 3008 911 3048 mar·
965 2992 1111 3048 Proiectus
1125 3005 1239 3061 namque
1249 2990 1401 3055 celerinus,
1416 2992 1628 3054 comprehensos
1641 2995 1753 3050 tradidit

129 3091 215 3154 tyrum
231 3083 372 3155 Cltrysauti
386 3093 414 3139 et
433 3084 528 3152 burte,
545 3086 589 3154 spui
606 3094 725 3153 tempure
743 3084 908 3151 Numeriani,
964 3080 1077 3137 Claudio
1094 3082 1211 3146 tribuno,
1223 3080 1267 3149 spui
1281 3081 1448 3151 septuaginta
1463 3081 1560 3137 milltes
1575 3085 1608 3137 ad
1624 3093 1751 3152 torqueo·

126 3173 218 3244 ludice
231 3174 353 3230 Celerius
375 3175 467 3231 llomae
489 3177 561 3243 posu
585 3185 657 3231 sunt.
672 3175 813 3246 chrysanti
835 3183 910 3243 pater
964 3172 1028 3226 ditm
1050 3173 1136 3238 dedit,
1151 3172 1196 3241 ptri
1221 3172 1310 3226 uerus
1332 3171 1423 3228 ermlls
1437 3187 1498 3226 eum
1518 3174 1679 3245 astringunt,
1703 3178 1753 3232 seri

130 3262 265 3318 Polemios
287 3264 326 3318 sir
339 3264 448 3319 illustris
468 3264 535 3320 luit:
548 3266 590 3320 lsie
612 3264 694 3320 illium
715 3280 792 3321 suutu
807 3263 911 3319 cuidam
925 3223 949 3287 c
963 3279 1027 3319 mus
1039 3264 1181 3332 ligamenta
1196 3263 1285 3317 omnia
1305 3262 1423 3319 resoluta
1444 3271 1517 3318 suot.
1533 3264 1634 3320 Deinde
1650 3267 1678 3320 in
1693 3268 1749 3336 cip·

130 3351 227 3419 uirgini
250 3352 396 3423 conjunxit,
421 3370 500 3423 poam
527 3369 562 3409 es
586 3357 761 3412 nobilissimis
785 3356 913 3410 liemcule
965 3370 1038 3424 pum,
1061 3354 1097 3407 ita
1114 3363 1141 3408 ut
1165 3355 1190 3407 iu
1218 3352 1298 3408 tertio
1318 3361 1416 3419 puncto
1430 3352 1489 3422 ejus
1515 3353 1606 3408 tibiam
1629 3367 1749 3410 coarcta·

130 3442 214 3497 iusisse
237 3454 362 3510 coustat;
384 3445 451 3500 lune
475 3444 639 3515 chrysantus
660 3445 693 3500 ad
717 3446 797 3501 lldem
815 3445 912 3499 Cirristi
965 3453 1035 3512 root,
1050 3460 1110 3501 eum
1129 3445 1247 3510 mittunt,
1269 3458 1330 3499 mos
1345 3446 1449 3513 ligneus
1471 3444 1566 3513 cippus
1586 3445 1614 3501 io
1632 3447 1753 3503 cinerem

130 3546 300 3603 soormteus,
321 3536 449 3606 baptisari
469 3535 542 3592 iecit.
568 3535 732 3610 Factumque
752 3545 795 3593 est
816 3545 844 3591 ut
867 3550 914 3606 per
966 3535 1118 3590 resoluitur.
1141 3532 1216 3590 Turre
1230 3533 1391 3605 perluodunt
1412 3547 1473 3588 eum
1489 3532 1553 3590 torio
1569 3535 1688 3592 bumsno
1702 3552 1749 3608 pu·

748 3646 862 3702 ebutio
882 3641 1135 3700 BOLblellANd.

167 3737 193 3791 l.
207 3765 242 3779 -
257 3737 398 3792 lisoeuors.
416 3737 496 3792 vacas
509 3737 597 3792 Beda.
1002 3733 1045 3801 b,
1062 3728 1349 3801 uorrrebcmysaomi
1372 3737 1399 3784 rt
1419 3730 1506 3785 barte
1529 3740 1688 3801 martyrum,
1705 3736 1751 3804 qui

166 3825 263 3883 propp,
277 3828 391 3883 ΜΤ,
405 3826 845 3898 1„‚pnpuoppomodwosppogf
861 3827 914 3882 Ep,
968 3813 1086 3870 tompore
1107 3803 1269 3865 Nisincrsom,
1293 3800 1382 3882 pudice
1404 3798 1535 3882 Celerina,
1563 3800 1747 3882 liomtepsssi

965 3882 1035 3926 sicot,
1050 3871 1081 3924 t.
1092 3870 1136 3934 C.,
1148 3869 1305 3922 interamna
1317 3884 1373 3923 sive
1387 3868 1491 3923 Naruos
1503 3871 1532 3924 S.
1545 3872 1557 3899 ²
1572 3869 1674 3924 Proculi
1690 3875 1748 3938 cpi-

130 3918 166 3988 gii
187 3917 303 3986 episcopi
324 3926 352 3971 et
373 3917 544 3984 cottiessorim
564 3919 608 3987 otri
630 3919 655 3973 io
676 3919 773 3988 palatio
796 3918 912 3973 lotitarii
964 3946 1036 4011 ηοω
1052 3942 1224 4011 „mmm
1237 3939 1403 3993 pnpomm,
1427 3937 1456 3994 c·
1470 3937 1610 4011 „wls
1624 3941 1745 3998 mm

131 4010 204 4080 repis
221 4009 385 4066 Prastcorom
408 4024 502 4080 magua
523 4010 661 4079 prudentia
675 4021 701 4064 et
717 4010 846 4078 religione
863 4012 913 4065 mi·
967 4011 1012 4079 t„
1029 4011 1067 4065 od
1083 4011 1178 4066 Ursum
1202 4011 1327 4076 pileatum
1348 4010 1377 4065 5.
1401 4010 1537 4065 dindime.
1561 4016 1594 4063 et.
1607 4011 1640 4065 T.
1657 4010 1689 4065 l..
1706 4014 1749 4079 li,

131 4114 208 4164 eous,
226 4099 367 4168 episeopus
381 4097 466 4156 luctus
480 4101 561 4154 molta
576 4114 686 4170 corpora
701 4112 854 4156 sauctorum
870 4117 913 4156 re·
966 4081 1057 4134 ΗΜ
1073 4081 1160 4134 'mm
1174 4080 1202 4133 S·
1217 4079 1354 4133 ⁰³¹¹didae·
1371 4079 1413 4147 Bu
1428 4080 1500 4133 ¹¹¹¹⁰55
1514 4090 1540 4133 θ*
1550 4079 1674 4145 Mari¹¹·P·
1685 4083 1751 4136 ΑΠ’·

966 4150 1042 4214 boni,
1067 4149 1155 4204 Filnti.
1180 4149 1310 4203 Noriomo
1331 4149 1439 4202 ciuitate
1459 4150 1588 4218 depositio
1615 4151 1645 4206 S.
1673 4151 1749 4224 erigii

133 4205 246 4246 moveos
267 4191 455 4246 decentissime
469 4192 622 4258 tumularis,
639 4192 780 4247 uirtutibus
793 4194 914 4249 inanimis
964 4222 1083 4292 episcopi
1098 4230 1127 4275 οι
1140 4219 1313 4274 mmmm,
1333 4218 1427 4274 ΝΜ,
1437 4218 1466 4274 5⁸
1480 4219 1675 4275 pompm„

103 4283 108 4289 ’
132 4293 160 4338 et
174 4283 255 4352 signis
269 4282 456 4338 miraculorum
468 4282 592 4338 etotumt.

818 4393 921 4451 SlllTll
942 4396 1056 4454 ΝΟΜ.

167 4509 178 4540 ⁸
195 4506 282 4577 lilipii.
306 4505 356 4572 Qut
372 4515 450 4573 pente
463 4505 553 4561 Gallus
568 4504 616 4559 luit
630 4507 655 4560 in
671 4506 730 4559 rico
746 4505 912 4562 Catalaeensi
928 4499 1034 4562 Dauno
1046 4507 1110 4571 665,
1125 4523 1156 4563 et
1174 4506 1273 4576 strigari
1295 4505 1405 4572 calculo,
1427 4505 1574 4560 secundom
1594 4505 1663 4562 alios
1685 4521 1753 4560 roro

128 4576 325 4703 'prope-torberno
348 4576 528 4699 Lemouicum,
554 4585 630 4657 pat-re
654 4576 799 4699 Eutelrerio,
815 4585 906 4699 4an
957 4577 1020 4660 9¹53.
1045 4577 1227 4702 Aetswejrvtsda
1250 4575 1436 4701 {Mandoeoo
1457 4578 1560 4700 sicelipta¹
1578 4577 1674 4631 recitat
1696 4580 1748 4632 Su·

128 4660 495 4796 ..ll'limlllitilii..
510 4660 906 4796 illlt‘elilillil:
957 4659 1090 4789 lilim·
1139 4687 1145 4700 ·
1185 4660 1250 4702 “e
1323 4661 1412 4712 “⁰⁰⁰⁸
1474 4664 1489 4700 '¹
1510 4663 1550 4701 '⁰⁰
1563 4660 1745 4704 ⁰⁸²¹¹⁰¹⁰¹⁰¹¹¹

127 4787 276 4854 ltertorege
295 4785 320 4838 io
344 4785 505 4839 Britanniam
525 4799 654 4838 mrooretu
674 4786 771 4840 missus
786 4785 905 4840 inducias
992 4786 1185 4857 bCirrpsuorlri.
1200 4786 1238 4842 be
1251 4783 1293 4841 bis
1307 4785 1377 4851 rlde,
1394 4797 1484 4855 cupre
1499 4784 1588 4841 dieas
1602 4785 1698 4844 Octob.
1714 4798 1742 4844 et

127 4871 188 4909 com
211 4855 347 4923 clippiaco
370 4854 437 4908 duee
464 4855 572 4923 pepigit.
599 4855 712 4908 Plurima
736 4855 798 4907 dom
823 4855 905 4907 laicus
955 4855 1128 4912 sedensue.

127 4926 215 4980 stllrue
239 4936 310 4979 esset
330 4926 451 4979 coetrobia
466 4940 498 4978 ae
513 4925 634 4978 basilicas
655 4925 783 4986 condidit,
800 4939 830 4977 ac
845 4932 902 4977 tun·
995 4929 1007 4958 ⁶
1024 4925 1141 4981 Proculi.
1159 4927 1194 4981 be
1207 4924 1319 4981 Proculo
1334 4933 1360 4979 et
1372 4924 1482 4993 prebo
1492 4933 1520 4981 et
1532 4923 1686 4994 Apollonio,
1698 4926 1747 4998 qui

127 4995 188 5050 dem
201 4996 341 5063 episeopus
356 4994 540 5049 Noviomeusis
553 4997 691 5047 ordinatos
704 5003 745 5048 est
759 5008 830 5048 aurio
842 4992 903 5056 eto,
961 4996 990 5052 s.
1007 4995 1173 5051 Valentinum
1194 4995 1368 5065 sepelierunt,
1393 4995 1463 5060 uide,
1488 5009 1580 5063 supra,
1605 4994 1640 5050 il
1665 4996 1744 5053 Febr.

128 5080 194 5131 non,
219 5064 256 5118 utl
274 5065 353 5134 utrlpo
365 5064 502 5134 srtptpotari
521 5064 597 5128 solet,
612 5078 681 5118 anuo
697 5064 758 5128 ete,
771 5065 840 5132 qtrod
860 5063 907 5116 de·

128 5142 258 5189 monstrat
280 5135 391 5189 carolus
411 5136 436 5190 le
456 5134 560 5199 Cointe,
576 5134 670 5188 bonai.
683 5133 778 5188 Fratre.
795 5142 860 5192 tom.
875 5133 906 5194 ll.

126 5207 173 5258 ari.
188 5220 233 5259 arr.
247 5203 309 5270 diti,
323 5220 395 5259 nrum.
407 5204 453 5270 20,
471 5217 524 5260 esc.
546 5204 689 5274 episcopos
712 5204 795 5257 laetius
819 5203 908 5258 Eccle-

127 5276 175 5328 siis
187 5275 358 5330 exstruendis
379 5283 407 5328 et
422 5274 572 5329 imbuendis
592 5274 643 5327 lide
665 5273 812 5327 Clrrietluou
828 5270 908 5326 Flan-

127 5346 194 5409 dris,
218 5343 318 5407 Frisiis,
343 5357 367 5399 et
393 5345 488 5400 Sueois
510 5359 616 5413 operam
642 5343 723 5396 dedit.
753 5343 906 5409 arrnooit,

126 5416 240 5469 concilio
255 5414 423 5470 Cabilooeosl
447 5430 474 5469 ιιι
498 5415 625 5469 interluit.
646 5415 723 5467 Διιιιιι
736 5411 799 5477 650,
815 5426 907 5465 mona·

126 5487 238 5540 sterium
254 5485 369 5540 virinum
386 5485 512 5549 Tssrttoci,
524 5486 668 5552 puellarum
680 5481 799 5536 Nociosui
815 5481 906 5536 errtrtli·

125 5555 175 5618 titt,
190 5565 218 5610 ct
232 5554 377 5610 Ecclesiam
393 5556 594 5612 Cortraeensem
609 5552 638 5608 S.
653 5553 756 5608 ldsrtini
772 5551 906 5606 memorie

124 5622 234 5680 dicarit.
246 5622 318 5678 Obiit
331 5623 457 5680 liniendis
472 5624 659 5680 Decembribus
672 5638 742 5676 arton
755 5622 817 5685 658,
831 5622 905 5690 juata

127 5690 201 5765 cept,
209 5694 236 5750 lu
246 5707 294 5752 sua
302 5694 399 5752 Critica
409 5692 732 5764 historico-chronologica
744 5693 830 5748 adan.
842 5689 904 5756 dom

961 5067 989 5122 S.
1005 5065 1130 5121 Proculus
1144 5066 1285 5134 episcopos
1300 5065 1487 5119 interamensis
1502 5062 1682 5122 adliciendas
1696 5067 1744 5122 Ja-

961 5137 1043 5190 uoarii
1058 5135 1197 5190 reiectura
1212 5134 1346 5191 Gelesioio
1360 5142 1385 5189 et
1400 5134 1539 5200 Ferrario;
1554 5135 1653 5189 colitur
1664 5136 1750 5192 etiam

960 5205 1086 5261 ilououiae
1105 5206 1117 5259 l
1134 5204 1205 5261 iunii
1218 5220 1278 5260 cum
1302 5205 1387 5260 altero
1407 5203 1519 5259 Proculo
1542 5203 1644 5269 milite;
1660 5206 1745 5261 iuter·

960 5291 1046 5330 emuae
1064 5289 1128 5330 tero
1144 5277 1156 5330 l
1175 5274 1338 5340 versicoloris,
1354 5276 1424 5341 quod
1438 5275 1481 5328 tali
1496 5273 1540 5329 dle
1554 5277 1675 5343 eorporis
1687 5275 1749 5346 ejus

961 5345 1029 5401 locta
1058 5345 1194 5399 translatio
1218 5345 1313 5399 luerat.
1339 5344 1406 5398 Vide
1425 5343 1459 5399 de
1481 5343 1510 5400 S.
1535 5341 1651 5399 Proculo
1676 5346 1752 5401 intes·

959 5425 1089 5485 martyres
1108 5414 1330 5477 luteramueoses,
1353 5413 1386 5466 ti
1405 5415 1480 5482 Apu,
1504 5414 1572 5482 apud
1595 5416 1664 5470 dcta
1684 5429 1749 5472 sttu-

959 5496 1073 5538 ctorom.
1088 5484 1226 5548 listronius,
1241 5485 1267 5538 in
1281 5483 1355 5538 Notis
1365 5483 1397 5536 sd
1411 5483 1573 5551 bunediem,
1586 5483 1746 5540 eumalium

958 5552 1040 5609 lusisse
1054 5552 1161 5625 conjicit
1181 5571 1196 5607 a
1217 5556 1245 5608 s.
1266 5552 1378 5609 Proculo
1393 5554 1594 5624 interamnensi,
1606 5553 1748 5614 sturme

958 5623 1008 5681 dus
1019 5623 1092 5681 illum
1106 5632 1182 5681 toeot
1196 5624 1388 5696 presbyterum.
