3802 6126
149 332 221 394 tots
717 336 815 394 SECT.
834 337 868 395 ll.
888 367 923 382 -·
942 338 1225 398 dabituoboms.
1709 336 1780 393 lost

776 446 888 504 cottio
911 448 1141 507 cotoniensis.

139 547 191 594 ctae
203 535 312 607 virginis
332 535 465 604 Fellcnlte,
479 550 557 605 quam
570 537 627 606 ipse
648 550 697 606 pro
710 535 816 595 cbristo
841 537 936 608 punle·
950 542 972 600 Δ
988 550 1075 595 menta
1093 548 1222 606 rotarum,
1238 538 1314 611 ignes
1335 546 1364 594 et
1385 538 1501 608 pondera
1526 538 1642 607 lapidum
1664 540 1774 609 attgeris·

140 638 193 693 rat,
206 628 354 697 sepelisset,
369 627 448 696 lussit
460 627 520 680 duci
533 625 565 682 ad
583 626 796 684 sacrificandum.
812 629 870 698 Quo
887 645 931 684 re·
984 633 1063 698 rium,
1083 630 1180 687 bestias
1200 640 1228 685 et
1251 631 1340 699 plagas
1354 630 1499 700 uirgarum,
1526 643 1616 685 terras
1639 639 1730 684 acutat
1749 638 1780 684 et·

141 729 250 787 nuente,
270 718 411 787 plntnbatit
425 718 572 773 diutissime
586 732 672 774 caesus
692 720 816 791 migrarit
829 721 861 775 ad
877 720 930 775 lle-
984 724 1130 793 sartagines
1144 722 1239 791 ignitas
1253 719 1325 775 vicit.
1342 721 1369 774 ln
1384 721 1475 774 ultimo
1490 729 1582 775 sancta
1598 720 1672 790 rlrgo
1693 719 1777 787 preci·

140 811 254 866 minum.
280 808 363 879 cujus
383 823 479 878 eorpus
501 808 528 864 in
548 808 665 866 Tiberim
685 812 805 879 lactarit,
825 812 894 881 quod
917 827 932 866 a
984 813 1034 868 bus
1049 814 1173 879 obtinuit,
1189 823 1215 866 ιιι
1229 827 1280 866 urta
1294 828 1326 867 ιι
1341 812 1434 867 bestiis
1450 825 1568 866 morsum
1579 812 1630 867 sibl
1643 811 1777 880 inligaret,

140 903 240 958 clerico
255 903 347 971 ipsius,
362 904 468 956 nomine
482 901 569 968 lusto,
583 910 624 958 est
637 903 787 968 collectum,
803 913 830 958 et
843 902 933 972 sepul·
983 901 1060 956 et·ita
1074 901 1272 957 immaculatum
1286 901 1407 970 spiritum
1426 900 1541 956 [lumino
1554 901 1679 956 reddidit.
1694 899 1777 970 cujus

141 1004 197 1046 tum
210 992 285 1061 juxta
300 1007 389 1048 muros
406 994 448 1046 tia
463 992 638 1048 Nomentana.
655 991 822 1048 cabilonensi
844 1003 934 1046 castro
985 1010 1081 1064 corpus
1093 997 1287 1065 Pbilopbronus
1307 1006 1381 1065 pater
1394 996 1463 1063 ejus,
1485 1005 1513 1052 et
1525 995 1667 1051 'l'beodora
1692 1005 1777 1049 mater

139 1082 286 1138 'l'renorcio
309 1085 393 1138 tartoti
414 1082 544 1139 Valeriani
577 1085 717 1154 martyris,
742 1084 792 1139 sub
822 1083 934 1152 praeside
984 1085 1043 1155 ejus
1055 1098 1175 1141 curatum
1187 1087 1358 1155 sepelierunt,
1370 1088 1443 1155 quasi
1455 1085 1527 1141 mille
1539 1084 1777 1154 passusaeititate

141 1175 243 1242 Prisco,
254 1191 333 1246 qttern
345 1177 425 1247 jussit
436 1177 573 1247 suspendi,
585 1191 616 1232 ac
629 1177 702 1249 grani
718 1177 875 1246 ungularum
892 1175 932 1229 la·
985 1175 1163 1231 cltalcedona.
1186 1175 1277 1228 Romae
1293 1183 1444 1229 sanctorum
1458 1175 1545 1229 Lucite
1565 1185 1589 1230 et
1613 1174 1776 1241 Geminiani,

140 1267 276 1323 conatione
287 1268 411 1330 cruciari,
437 1282 469 1321 ao
487 1267 584 1323 deinde
608 1268 694 1338 gladio
709 1267 821 1334 percuti.
837 1267 870 1320 itt
883 1278 933 1320 na·
984 1265 1147 1334 imperatore
1162 1265 1335 1329 lliocletinno,
1347 1263 1480 1335 judicibus
1492 1264 1635 1335 apofrasio
1648 1274 1676 1319 et
1689 1265 1775 1334 liega-

140 1357 195 1412 tale
208 1356 294 1412 saneti
309 1356 371 1425 ltpri
391 1357 519 1427 episcopi,
535 1367 563 1412 et
577 1357 661 1411 sarrcti
676 1357 784 1411 Leobini
798 1355 933 1411 consesso-
984 1356 1034 1411 sio.
1051 1356 1182 1411 llanserat
1193 1365 1280 1410 autem
1297 1357 1373 1411 beata
1388 1353 1468 1409 bricia
1494 1355 1519 1411 in
1544 1354 1672 1411 viduitate
1691 1369 1775 1410 annot

141 1450 188 1503 ris.
203 1447 231 1502 ln
251 1447 410 1503 Alexandria
424 1457 578 1504 sanctorum
593 1448 758 1518 Serapionis,
775 1445 887 1502 Leontii.
904 1446 932 1504 ln
985 1445 1091 1515 triginta
1106 1460 1152 1501 set
1165 1463 1173 1511 ;
1188 1447 1270 1501 totius
1283 1446 1355 1500 euim
1367 1445 1427 1499 aitte
1439 1458 1496 1499 strae
1507 1445 1569 1500 anni
1583 1445 1657 1501 luere
1669 1455 1775 1514 septua-

139 1539 208 1613 cyra
223 1539 332 1598 Galatia
345 1542 429 1597 sancti
444 1542 543 1607 bisnei,
559 1541 655 1597 Valerii
669 1551 696 1597 et
708 1540 842 1611 cyrionis,
858 1539 934 1597 Stra·
984 1536 1054 1606 ginta
1070 1536 1196 1606 quinque.
1218 1536 1284 1604 Quae
1299 1543 1423 1590 accusata
1443 1549 1458 1587 a
1484 1534 1539 1589 lilio
1553 1549 1602 1589 suo
1617 1533 1688 1604 quod
1702 1533 1775 1589 cbri-

141 1634 221 1699 tttuis,
233 1633 357 1688 llacrobii
371 1645 397 1688 ιι
410 1633 569 1688 constantii.
582 1634 609 1688 ln
626 1633 730 1705 Ancyra
751 1632 834 1686 sancti
858 1630 933 1686 Pauli
983 1627 1069 1683 stiana
1081 1627 1193 1690 viveret,
1210 1627 1295 1694 primo
1310 1626 1336 1680 in
1347 1638 1480 1680 carcerem
1493 1624 1572 1678 missa
1586 1631 1639 1689 est,
1652 1623 1697 1679 ubl
1710 1638 1774 1680 oon·

139 1725 267 1794 episcopi.
289 1725 417 1795 bugdnno
435 1725 567 1794 depositio
591 1725 681 1780 bibini
704 1725 833 1794 episcopi,
848 1732 933 1780 etoc·
984 1719 1139 1773 solationem
1167 1717 1285 1772 diuinam
1310 1716 1472 1784 promeruit,
1496 1715 1557 1770 dein
1579 1713 1693 1770 lustibut
1715 1713 1774 1769 diu·

141 1827 200 1873 tara
212 1815 307 1870 natalis
321 1826 420 1870 sanctae
435 1815 523 1870 blaciae
537 1815 658 1885 virginis.
848 1874 854 1880 ,
985 1810 1086 1865 tissime
1099 1822 1179 1874 cesa,
1195 1807 1320 1864 etsubito
1340 1815 1418 1862 terrae
1437 1817 1524 1861 motus
1546 1806 1630 1861 lactrrs
1653 1815 1696 1860 est
1716 1821 1776 1860 ma-

178 1903 211 1960 c.
224 1904 281 1961 xit
294 1905 415 1961 baceno.
437 1906 503 1961 0cr.
518 1935 553 1947 -
571 1904 661 1959 Natale
682 1915 780 1959 sauctae
806 1904 930 1960 Eulemim
947 1890 1064 1970 Bgnus,
1081 1908 1109 1955 ιι
1122 1899 1248 1969 templum
1261 1897 1334 1953 loris
1358 1895 1393 1950 ita
1412 1897 1563 1963 subrutum,
1588 1905 1616 1951 ut
1640 1910 1688 1952 nce
1710 1896 1777 1965 lapit

139 1996 329 2065 virginumque
343 1996 513 2065 martyrizata
537 2004 578 2050 est
598 1994 648 2048 sub
661 1993 826 2048 Diocletiano
846 1995 931 2063 impe·
984 2006 1064 2058 supter
1090 1991 1202 2061 lapidem
1226 1998 1386 2045 remaneret.
1413 1988 1489 2043 'lunc
1517 1990 1542 2043 in
1568 1989 1648 2044 ollam
1677 2003 1775 2044 aeream

140 2095 238 2151 ratore,
253 2085 413 2155 proconsule
428 2094 516 2139 autem
532 2085 633 2150 Priscu,
650 2086 798 2139 incivitate
818 2085 930 2142 cbalce-
986 2084 1065 2138 missa
1085 2092 1137 2146 est,
1160 2083 1217 2151 pice
1231 2091 1256 2136 et
1276 2079 1384 2150 plumbo
1407 2079 1566 2148 terrentem,
1581 2079 1623 2135 tabi
1645 2079 1731 2134 triduo
1747 2080 1778 2134 it-

140 2177 304 2244 doomonte
325 2185 455 2232 tormenta
477 2185 504 2230 et
523 2189 655 2244 carceres,
671 2174 784 2230 verbera
804 2184 832 2229 et
854 2189 931 2246 argu·
985 2175 1049 2230 lesa
1071 2173 1225 2244 permansit.
1243 2171 1336 2228 Postea
1356 2171 1466 2242 plumbo
1486 2179 1513 2226 et
1526 2169 1596 2226 serto
1610 2180 1729 2236 otterata,
1746 2178 1775 2227 et

759 2287 876 2343 terito
896 2284 1148 2342 ttobtbttotstta.

139 2381 170 2438 S·
188 2387 201 2415 ¹
216 2379 280 2449 bpri
296 2378 412 2448 episcopi
430 2396 436 2430 ι
453 2379 486 2432 Α.
500 2386 527 2433 ιι
541 2377 574 2431 Τ.
590 2376 767 2444 praemittunt,
783 2376 809 2430 ln
822 2376 930 2431 ciuitate
985 2384 1115 2429 tormenta
1137 2384 1164 2429 et
1183 2389 1316 2440 carceres,
1339 2375 1447 2431 uerbera
1470 2385 1499 2431 et
1521 2383 1674 2445 argumenta
1698 2388 1772 2431 rota·

136 2473 226 2529 Tullo.
251 2474 281 2527 B.
306 2486 370 2528 tero
393 2489 400 2525 :
426 2470 454 2524 ln
480 2470 614 2526 territorio
637 2470 814 2525 cavillonensi
838 2479 927 2524 castro
984 2479 1060 2528 rum,
1075 2464 1150 2533 ignes
1164 2475 1190 2519 ιι
1203 2467 1319 2533 pondera
1341 2465 1457 2534 lapidum
1472 2465 1656 2534 angularium,
1672 2465 1772 2521 bestias

136 2563 307 2620 Trinorcbio.
330 2563 363 2618 Et
377 2561 392 2601 ¹¹
408 2562 519 2619 Leobini
540 2561 712 2617 conlessoris.
737 2561 838 2616 Desunt
860 2561 930 2629 bper
983 2562 1011 2608 et
1022 2555 1111 2608 claras
1127 2554 1274 2624 virgarum.
1288 2569 1377 2610 wrm
1392 2562 1484 2610 aculei
1497 2563 1525 2609 el
1538 2555 1686 2625 ιιιῑιιὶιιι
1701 2554 1772 2625 itini·

137 2667 165 2715 ιι
180 2657 311 2713 Leobinus
326 2656 352 2710 in
367 2655 398 2710 b.
984 2655 1035 2712 tas,
1051 2661 1160 2701 rursum
1170 2663 1286 2702 morsum
1302 2648 1392 2702 bestiae
1407 2663 1455 2716 pro
1467 2646 1573 2703 cbristo
1585 2647 1730 2715 superarit,
1746 2655 1775 2705 ιι

174 2746 206 2801 b.
221 2745 267 2809 t..
288 2745 418 2811 belvagus
440 2744 579 2800 translatio
593 2742 713 2810 corporis
732 2742 762 2795 S.
779 2745 789 2773 ⁰
805 2740 931 2796 Lttciani.
983 2741 1016 2795 ad
1040 2740 1113 2796 mille
1135 2754 1228 2809 passus
1250 2739 1366 2795 ciuitatis
1388 2738 1546 2795 calcedonis
1568 2742 1673 2809 septulta
1695 2749 1736 2796 est
1757 2756 1773 2795 a

140 2816 241 2898 5⁰¹J⁶¹¹¹
265 2815 308 2895 5¹³⁰
320 2813 450 2879 ⁶⁰⁰⁰⁸³²i⁰
468 2816 497 2870 S·
513 2815 526 2851 ‘¹
543 2814 646 2894 M‘M'i
662 2814 783 2891 ²¹¹¹¹⁸¹l⁵·
797 2812 841 2878 ‘¹⁰⁵
858 2820 883 2864 θ’
901 2811 927 2864 Ῑῦ
979 2840 1054 2900 patre
1069 2847 1118 2886 suo
1133 2831 1344 2901 Philosopltrone
1359 2832 1417 2904 lib,
1431 2830 1623 2905 Philopltroue]
1636 2842 1773 2888 senatore.

139 2884 170 2942 b.
186 2894 327 2939 tarenttur.
343 2882 386 2949 it,
402 2884 428 2935 ln
444 2883 602 2937 bletartdrta
616 2881 703 2937 natale
718 2892 797 2936 trtttm
811 2881 924 2936 iratrtttn

139 2955 240 3026 cyrini,
257 2954 357 3008 Leontii
372 2964 399 3007 ιι
413 2953 577 3022 Serapionis.
1008 3015 1043 3027 ..
1081 3016 1087 3027 ι

173 3045 216 3099 tti.
228 3073 265 3086 -—
280 3041 340 3099 xii
359 3042 425 3098 liat.
446 3042 540 3099 Natale
559 3044 587 3098 S.
604 3053 617 3081 ι
633 3043 786 3112 Eupltemite
806 3041 926 3112 virginis,
980 3029 1100 3070 mmmm·

136 3152 196 3208 que
216 3137 396 3209 martyrizavit
417 3136 466 3189 sub
487 3133 651 3190 Diocletiano
671 3134 843 3205 imperatore,
866 3097 965 3202 pro·G
1015 3127 1047 3181 c·
1062 3128 1091 3182 tt.
1107 3126 1152 3191 t..
1172 3126 1204 3182 Et
1223 3128 1285 3182 alibi
1304 3129 1331 3181 S.
1347 3137 1359 3176 ι
1378 3126 1571 3184 Emerentiante
1586 3128 1628 3183 rel
1643 3127 1771 3184 crueren-

600 3233 654 3280 ,ΜΘ
673 3222 832 3280 ealcedonp,
847 3241 854 3277 :
869 3236 929 3293 qu„
982 3197 1061 3253 tinnis
1076 3198 1117 3253 uel
1131 3198 1355 3254 Eruerentianitis.

829 3347 934 3404 sttlttt
954 3346 1070 3405 ΝΟΜ.

138 3447 306 3518 lunensium,
317 3448 361 3502 ubi
377 3445 483 3502 Priscus
497 3446 528 3503 B.
543 3444 694 3501 llarcellum
709 3453 853 3514 martyrem
874 3463 922 3502 ne·
1013 3455 1024 3484 2
1046 3446 1163 3502 butrioni.
1181 3446 1263 3517 liujus
1277 3446 1334 3502 dies
1348 3445 1444 3501 nautis
1463 3459 1544 3513 supra
1558 3445 1709 3502 celebratur
1723 3446 1768 3502 die

137 3530 244 3574 uteret
258 3532 306 3586 pro
318 3516 416 3572 cbristi
432 3517 555 3581 nornine,
581 3514 687 3583 praesidi
709 3514 800 3569 Prisco
814 3516 921 3572 delatus
975 3532 1059 3573 aaran
1074 3516 1204 3571 ianuarii.

137 3598 189 3645 est.
204 3589 288 3653 Qrtem
310 3587 354 3642 ille
370 3587 482 3654 primum
506 3586 583 3641 minis
605 3585 726 3654 frangere
740 3594 851 3638 conatus
866 3597 919 3649 est,
1009 3586 1155 3641 “Alandri
1176 3584 1224 3639 llic
1246 3584 1313 3639 obiit
1338 3597 1409 3643 anno
1432 3598 1494 3639 terte
1518 3584 1677 3640 christianae
1700 3585 1764 3642 ddi.

137 3657 235 3712 deinde
248 3671 405 3727 suspensum
426 3667 452 3710 et
472 3658 629 3725 ungularum
646 3654 806 3709 laceratione
819 3657 922 3710 crucia·
974 3656 1037 3711 Nam
1051 3656 1080 3712 S.
1094 3656 1223 3709 Aicadrtrs
1238 3651 1355 3708 triennio
1369 3664 1505 3720 superstes
1518 3655 1566 3708 luit
1579 3656 1607 3710 ll.
1621 3654 1758 3720 Pililtertm

138 3738 194 3783 tum
209 3726 315 3781 tandem
329 3726 416 3796 padio
430 3728 601 3780 animadverti
619 3725 689 3780 iecit.
707 3727 773 3778 bno.
972 3737 1001 3781 ut
1016 3735 1087 3794 patet
1101 3741 1131 3779 et
1148 3724 1223 3777 initio
1236 3725 1321 3778 ultimi
1337 3725 1432 3791 capitis
1447 3722 1512 3778 llitas
1526 3723 1555 3781 S.
1575 3724 1679 3780 dicadri
1691 3727 1760 3793 apud

172 3806 186 3833 ⁸
206 3797 279 3866 Apri.
301 3796 410 3849 Ponitur
433 3796 475 3850 bic
496 3796 622 3861 septimus
645 3795 738 3849 ordine
762 3794 787 3847 iu
810 3792 921 3850 'labidis
971 3796 1114 3850 liabillonii
1135 3810 1197 3849 saec.
1219 3809 1237 3849 ιι
1252 3797 1311 3849 bct.
1326 3794 1403 3856 llen..
1425 3808 1503 3861 quem
1519 3810 1588 3849 anno
1601 3795 1654 3849 bat
1669 3797 1758 3850 deces-

135 3867 321 3934 rpiscoporum
337 3865 516 3931 Trullensium,
531 3881 597 3935 quas
615 3865 757 3933 descripsit
773 3864 920 3918 Democba·
970 3868 1038 3922 sisse
1058 3872 1160 3921 certum
1181 3873 1230 3919 est.
1255 3864 1329 3918 cum'
1341 3878 1405 3934 ergo
1425 3865 1553 3918 aicadrus
1572 3865 1667 3919 uixerit
1685 3866 1764 3920 annia

137 3950 190 3990 res.
208 3936 255 3990 llic
273 3951 305 3988 ea
320 3933 454 3988 causidico
468 3937 628 3997 ttionaclrus,
643 3943 671 3988 et
684 3949 715 3988 es
732 3933 863 3988 monaelto
877 3943 920 3988 est
970 3937 1054 3990 tribus
1076 3943 1103 3990 et
1126 3935 1274 4002 sexaginta,
1301 3945 1379 3988 natus
1402 3949 1473 3989 anno
1493 3936 1545 3990 dal
1559 3936 1689 3991 dicendus
1709 3944 1762 3991 est.

136 4006 221 4059 laetias
235 4007 385 4072 episcopus.
399 4003 497 4072 Deque
511 4004 637 4058 Paulinus
649 4004 765 4058 Nolanus
779 4005 858 4074 epist.
872 4004 917 4068 tit,
974 4005 1074 4061 Deinde
1097 4005 1245 4060 duodennis
1267 4005 1380 4060 secessit
1402 4005 1427 4058 in
1451 4008 1640 4060 monasterium
1665 4005 1762 4061 bosio·

135 4073 180 4138 st,
195 4074 241 4140 δι,
255 4074 281 4127 in
295 4073 362 4127 Bibl.
379 4072 496 4126 Patrmn.
973 4091 1055 4133 stenae
1070 4091 1140 4130 antro
1162 4073 1224 4138 656,
1247 4084 1339 4144 postea
1361 4074 1517 4129 tricenar²us
1536 4076 1656 4130 condidit
1674 4077 1761 4130 eccle·

170 4144 184 4183 l
204 4142 319 4199 molini.
343 4143 458 4197 Primum
474 4143 500 4196 in
514 4143 676 4198 monasterio
695 4142 847 4199 lliciasensi
862 4158 919 4199 mo·
973 4147 1039 4200 siam
1054 4145 1272 4212 Quinciaceusem
1287 4159 1358 4198 anno
1370 4146 1433 4200 libi.
1458 4143 1506 4200 ilbi
1530 4156 1669 4212 postquam
1686 4146 1763 4200 annis

136 4213 237 4267 nacbus
250 4215 326 4267 uixit.
347 4211 423 4278 duod
445 4221 504 4281 post
518 4223 579 4267 octo
592 4226 676 4268 annot
696 4213 851 4284 relinquent
867 4211 920 4268 Ga·
972 4216 1076 4285 alinuot
1091 4215 1210 4283 pracluit,
1231 4228 1245 4267 a
1269 4214 1299 4267 ll.
1317 4212 1443 4268 Piliberto
1456 4214 1526 4267 circa
1540 4229 1638 4269 annum
1652 4214 1705 4268 bid
1719 4214 1761 4269 di-

135 4286 270 4338 ralensem
285 4282 376 4335 urbem
398 4283 523 4351 expetiit,
546 4284 591 4337 ubi
606 4285 640 4337 ab
662 4283 761 4336 llilario
781 4283 840 4354 rjus
860 4285 919 4352 epi·
974 4295 1063 4340 rectus
1077 4293 1119 4339 ιιι
1132 4287 1158 4338 in
1173 4282 1365 4338 monasterium
1380 4283 1576 4348 cemetieense,
1591 4285 1662 4352 tpuorl
1678 4298 1772 4351 usque·

133 4368 180 4408 sco
199 4351 428 4407 osacerdotaliter
442 4362 581 4419 susceptus
595 4361 653 4418 cst;
671 4352 731 4405 inde
747 4353 874 4408 recedens
885 4353 919 4406 ad
972 4355 1004 4409 ad
1023 4355 1123 4409 obitum
1144 4367 1220 4408 snum
1242 4353 1321 4408 rexit.
1337 4353 1367 4409 S.
1382 4353 1489 4408 dicadri
1510 4367 1606 4410 contus
1629 4367 1681 4407 una
1700 4367 1763 4409 cum

132 4423 164 4477 il.
180 4370 281 4489 [ιιμιιιιι
297 4437 327 4476 ιι
339 4421 459 4477 cuntulit.
473 4429 500 4474 et
514 4436 573 4474 rum
588 4436 621 4475 eo
636 4437 683 4488 per
696 4423 827 4491 integrum
841 4423 918 4489 qnin·
974 4426 1003 4478 ll.
1022 4425 1140 4493 lingonis
1156 4423 1377 4491 liotbomagensis
1391 4424 1511 4492 reliqniis
1529 4423 1565 4478 ob
1585 4422 1762 4477 Nortmanuu·

131 4496 275 4614 gereonium
287 4493 312 4543 in
322 4492 418 4546 eudem
429 4491 551 4545 coertobio
561 4499 739 4544 commoratus
752 4500 802 4570 ιιιἶ
815 4491 918 4546 lnterea
933 4469 1029 4548 ¹>rum
1045 4496 1226 4550 infestationes
1241 4495 1398 4547 translatum
1411 4503 1453 4550 est
1465 4495 1497 4547 atl
1513 4494 1603 4546 villum
1619 4492 1760 4561 llasprtrm,

153 4579 195 4616 nm
210 4561 306 4617 Pranci
324 4561 393 4615 bella
406 4571 497 4613 contra
514 4561 713 4630 burgundiones
727 4569 919 4626 corrcttant,et
972 4566 1057 4634 iuquit
1085 4565 1236 4620 baldericus
1261 4563 1289 4618 in
1315 4562 1417 4619 cirron.
1446 4562 1585 4618 camerac.
1613 4571 1640 4617 et
1667 4564 1759 4620 btreb.

131 4631 190 4701 ejus
205 4632 319 4686 coenobii
337 4630 459 4684 monarbi
483 4629 601 4700 lttgiunt,
618 4632 749 4698 ipserum
765 4645 818 4683 uuo
838 4630 920 4686 iratre
970 4634 1017 4690 lib.
1034 4651 1063 4697 u,
1078 4650 1137 4701 cap.
1152 4635 1198 4690 ιι.
1376 4668 1380 4673 -

129 4716 194 4756 mite
208 4701 282 4755 solus
296 4701 404 4755 relictus
417 4712 468 4767 cst,
482 4711 508 4755 et
522 4716 537 4753 a
553 4701 685 4765 barbaris,
700 4701 760 4769 qtria
776 4700 861 4754 uoluit
876 4716 919 4755 res
1008 4713 1020 4740 ·
1041 4704 1200 4774 copientis.
1225 4701 1288 4771 Ejus
1303 4704 1367 4758 acta
1392 4717 1426 4759 ex
1447 4701 1558 4758 vetustis
1581 4703 1761 4759 monumentis

130 4770 286 4824 cannasterii
303 4773 433 4837 paudere,
450 4771 547 4824 misere
559 4770 702 4824 cruciatus.
719 4769 765 4823 llis
780 4783 843 4824 tero
856 4785 919 4836 sup·
969 4773 1063 4830 Serius
1079 4773 1162 4828 edidit
1178 4781 1243 4826 tom.
1257 4770 1293 4826 V.

129 4840 217 4910 pliciis
229 4852 335 4908 ereptus
350 4856 410 4893 eum
428 4840 555 4893 butsonis
569 4849 595 4894 et
608 4840 717 4893 linstiro
730 4839 759 4893 B.
771 4838 877 4895 Auitum
891 4840 918 4894 in
1009 4842 1018 4882 t
1040 4842 1134 4896 buclae.
1148 4841 1212 4910 Quae
1225 4856 1285 4895 com
1297 4842 1331 4898 io
1342 4841 1418 4897 annis
1430 4840 1456 4897 in
1472 4841 1597 4896 laudabili
1610 4841 1760 4909 virginitate

129 4911 225 4965 Persici
245 4910 389 4965 solitudine
403 4917 611 4963 conrannrautem
633 4910 714 4972 adiit,
739 4910 785 4978 qui
805 4922 852 4964 ιοι
872 4924 918 4963 su·
970 4913 1026 4967 Deo
1045 4911 1170 4977 sert-iret,
1193 4921 1315 4967 accusem
1331 4920 1372 4967 ιιι
1393 4926 1407 4962 a
1425 4912 1478 4966 tilio
1497 4925 1547 4966 suo
1570 4912 1711 4979 cuprepio,
1732 4923 1760 4967 et

127 4981 231 5046 scepit,
249 4979 450 5047 leoninamque
464 4979 564 5032 cellarii
587 4978 819 5047 prnleeitoiiieio.
843 4984 864 5032 d
888 4980 918 5035 S.
969 4993 1061 5037 coacta
1087 4992 1114 5035 ut
1139 4982 1217 5037 idolis
1240 4996 1314 5037 sacra
1336 4981 1446 5046 laceret,
1471 4981 1632 5048 imperatore
1655 4982 1759 5036 lliocle-

130 5048 254 5104 AEtberio
268 5050 395 5117 episcopo
417 5061 506 5117 postca
526 5059 666 5115 prouectus
686 5059 726 5103 est
741 5048 774 5101 ad
793 5049 917 5103 diacona·
970 5055 1052 5118 tiano,
1071 5052 1205 5121 judicibus
1221 5051 1359 5120 bpolrasio
1379 5061 1406 5106 et
1427 5052 1553 5120 megasio.
1573 5051 1648 5118 Quod
1669 5050 1758 5107 lacero

129 5129 195 5181 tum,
211 5118 308 5173 deinde
324 5120 447 5172 iratribus
463 5117 626 5186 [trojanensis
642 5118 795 5194 mortasterii
811 5131 918 5186 praepo·
969 5134 1158 5186 cttrttemnens,
1185 5132 1245 5190 pust
1267 5136 1403 5176 carcerem
1426 5128 1455 5176 et
1476 5123 1621 5177 sanissima
1646 5123 1756 5176 verbera

127 5189 208 5243 titus.
235 5188 315 5242 lleato
339 5199 427 5242 autem
453 5187 573 5242 AEtlrerio
598 5189 755 5243 carnotensi
781 5190 918 5254 deiuncto,
970 5193 1050 5246 missa
1065 5202 1106 5247 est
1121 5193 1146 5245 in
1162 5192 1241 5246 otiam
1256 5195 1314 5258 pice
1327 5199 1354 5244 et
1365 5191 1474 5258 plumbo
1489 5190 1645 5258 ferventem,
1658 5193 1692 5244 de
1704 5206 1756 5258 rpus

129 5256 264 5313 leubinus
285 5258 322 5311 illi
345 5263 446 5313 electus
467 5267 507 5312 est
531 5259 556 5310 in
579 5272 778 5323 antecessorem,
801 5258 919 5324 denique
969 5261 1052 5315 illaesa
1065 5262 1214 5332 egrediens,
1225 5270 1334 5314 onerata
1350 5258 1422 5316 lerru
1431 5270 1458 5315 et
1473 5261 1582 5329 plumbo
1596 5277 1643 5326 per
1655 5262 1756 5328 plateas

165 5337 192 5382 st
206 5327 277 5383 laeta
297 5329 425 5381 unit-acula
447 5343 498 5382 non
521 5342 601 5396 paura
617 5330 683 5382 obiit
697 5338 724 5380 et
742 5326 862 5392 sepultus
877 5336 918 5380 est
970 5332 1083 5386 trabitur
1099 5333 1223 5396 civitatis,
1239 5340 1267 5386 et
1287 5345 1348 5384 curn
1367 5331 1556 5400 pertransisset
1575 5331 1682 5385 durrnrm
1704 5331 1757 5387 ce·

139 5413 156 5451 n
177 5398 282 5452 basilica
298 5397 328 5454 S.
350 5397 464 5452 Martini.
481 5397 545 5451 Vide
559 5398 617 5466 ejus
634 5398 719 5450 llnam
735 5397 833 5450 editam
848 5397 917 5460 apud
969 5402 1095 5466 miniani,
1112 5402 1181 5455 idem
1198 5403 1236 5455 vir
1249 5401 1353 5456 caelesti
1376 5401 1503 5456 miraculo
1524 5402 1673 5466 instinctus,
1696 5415 1756 5469 per·

130 5465 201 5522 Pbil.
218 5469 323 5522 babbani
341 5477 405 5521 ιοιιι.
422 5468 442 5522 ΙΙ
458 5467 524 5521 tttbt.
540 5467 617 5531 Non,
634 5483 660 5535 p.
675 5467 737 5521 atta.
751 5465 917 5519 childeberti
967 5475 1040 5525 teuit
1054 5471 1086 5525 ad
1101 5471 1187 5525 locum
1202 5472 1244 5524 ubi
1258 5480 1349 5524 sancta
1364 5471 1408 5523 ilci
1426 5471 1607 5537 torquebatur,
1620 5480 1647 5524 et
1662 5481 1756 5537 petent

127 5533 916 5606 Frsucurumretistemporibusclaruitnbiltqueantander.
968 5541 1127 5610 bapismus
1142 5554 1202 5594 curn
1224 5542 1267 5594 itta
1284 5540 1382 5605 pariter
1396 5540 1482 5610 gtauto
1498 5540 1587 5594 utrina
1607 5542 1754 5596 trucidatus

129 5606 265 5662 Prioratus
280 5608 311 5660 de
326 5607 352 5661 lo
372 5607 460 5677 l'epre,
477 5621 505 5661 et
517 5609 629 5661 ecclesia
645 5605 805 5674 paruettialis
820 5604 853 5658 de
867 5604 918 5659 Po·
967 5622 1018 5666 est.
1033 5614 1099 5672 bno,
1117 5612 1245 5673 Uscana,
1261 5609 1392 5673 Noctem,
1410 5611 1517 5676 Status,
1533 5620 1598 5664 tom.
1613 5609 1644 5664 ll.

126 5677 198 5747 tipum
213 5678 239 5731 iu
253 5677 363 5734 dioecesi
383 5677 542 5734 l‘ictariensi
562 5692 623 5732 euru
646 5685 785 5746 patronum
806 5674 915 5731 babent.
1003 5688 1017 5728 ι
1038 5678 1232 5733 Ειιιιιιιιιιιιιιι.
1255 5681 1281 5735 ln
1297 5683 1339 5733 ria
1353 5681 1517 5735 domerttana
1530 5681 1564 5735 ιιι
1576 5680 1641 5736 can.
1658 5680 1685 5736 in
1698 5694 1765 5737 ιιι·1

126 5745 206 5814 ibid,
223 5760 249 5816 p.
263 5745 327 5802 too.
968 5751 1082 5808 moterlo
1094 5749 1211 5807 llartbe.
1228 5751 1341 5807 naraon.
1358 5750 1494 5823 ssartyrol.

137 3226 248 3285 consule
266 3221 356 3282 auteur
377 3223 479 3292 Prisco,
501 3225 527 3280 in
547 3224 598 3279 citi

979 2922 1040 2992 lpso
1053 2923 1097 2978 die
1110 2924 1205 2979 tantalis
1220 2931 1371 2980 sanctorum
1388 2922 1396 2963 ¹
1411 2924 1499 2980 bucias
1511 2923 1570 2996 ll),
1586 2923 1670 2995 inciti
1681 2937 1706 2980 et
1718 2923 1773 2980 ce·
1871 2997 1872 3000 Ἴ
