<?xml version="1.0" encoding="UTF-8"?>
<!DOCTYPE html PUBLIC "-//W3C//DTD XHTML 1.0 Transitional//EN"
    "http://www.w3.org/TR/xhtml1/DTD/xhtml1-transitional.dtd">
<html xmlns="http://www.w3.org/1999/xhtml" xml:lang="en" lang="en">
 <head>
  <title>
</title>
<meta http-equiv="Content-Type" content="text/html;charset=utf-8" />
  <meta name='ocr-system' content='tesseract 3.04.00' />
  <meta name='ocr-capabilities' content='ocr_page ocr_carea ocr_par ocr_line ocrx_word'/>
</head>
<body>
  <div class='ocr_page' id='page_1' title='image "./patrologiaecurs63unkngoog/patrologiaecurs63unkngoog_0313.png"; bbox 0 0 3802 6126; ppageno 0'>
   <div class='ocr_carea' id='block_1_1' title="bbox 76 283 128 337">
    <p class='ocr_par' dir='ltr' id='par_1_1' title="bbox 76 283 128 337">
     <span class='ocr_line' id='line_1_1' title="bbox 76 283 128 337; baseline 0.019 -1"><span class='ocrx_word' id='word_1_1' title='bbox 76 283 128 337; x_wconf 67' lang='lat'>537</span> 
     </span>
    </p>
   </div>
   <div class='ocr_carea' id='block_1_2' title="bbox 487 271 1312 331">
    <p class='ocr_par' dir='ltr' id='par_1_2' title="bbox 487 271 1312 331">
     <span class='ocr_line' id='line_1_2' title="bbox 487 271 1312 331; baseline -0.004 0"><span class='ocrx_word' id='word_1_2' title='bbox 487 272 582 331; x_wconf 80' lang='lat' dir='ltr'>SECT.</span> <span class='ocrx_word' id='word_1_3' title='bbox 604 274 647 329; x_wconf 91' lang='lat' dir='ltr'>lit.</span> <span class='ocrx_word' id='word_1_4' title='bbox 668 303 702 315; x_wconf 93' lang='lat'>-</span> <span class='ocrx_word' id='word_1_5' title='bbox 721 272 884 329; x_wconf 81' lang='lat' dir='ltr'>clltlttllt.</span> <span class='ocrx_word' id='word_1_6' title='bbox 906 298 937 313; x_wconf 82' lang='grc'>-</span> <span class='ocrx_word' id='word_1_7' title='bbox 959 271 1037 326; x_wconf 74' lang='lat' dir='ltr'>i&#39;le</span> <span class='ocrx_word' id='word_1_8' title='bbox 1057 272 1087 328; x_wconf 83' lang='lat' dir='ltr'>S.</span> <span class='ocrx_word' id='word_1_9' title='bbox 1107 272 1312 328; x_wconf 70' lang='lat' dir='ltr'>continauri.</span> 
     </span>
    </p>
   </div>
   <div class='ocr_carea' id='block_1_3' title="bbox 1649 283 1701 339">
    <p class='ocr_par' dir='ltr' id='par_1_3' title="bbox 1649 283 1701 339">
     <span class='ocr_line' id='line_1_3' title="bbox 1649 283 1701 339; baseline 0 -1"><span class='ocrx_word' id='word_1_10' title='bbox 1649 283 1701 339; x_wconf 72' lang='lat' dir='ltr'>sir</span> 
     </span>
    </p>
   </div>
   <div class='ocr_carea' id='block_1_4' title="bbox 82 381 1633 466">
    <p class='ocr_par' dir='ltr' id='par_1_4' title="bbox 82 381 1633 466">
     <span class='ocr_line' id='line_1_4' title="bbox 82 381 1633 466; baseline -0.001 -17"><span class='ocrx_word' id='word_1_11' title='bbox 82 395 223 466; x_wconf 76' lang='lat' dir='ltr'>spargitur</span> <span class='ocrx_word' id='word_1_12' title='bbox 234 390 375 461; x_wconf 76' lang='lat' dir='ltr'>eliulgens,</span> <span class='ocrx_word' id='word_1_13' title='bbox 387 387 516 456; x_wconf 75' lang='lat' dir='ltr'>hujusque</span> <span class='ocrx_word' id='word_1_14' title='bbox 530 385 663 442; x_wconf 84' lang='lat' dir='ltr'>Britannia</span> <span class='ocrx_word' id='word_1_15' title='bbox 679 400 788 440; x_wconf 77' lang='lat' dir='ltr'>cnnsnre</span> <span class='ocrx_word' id='word_1_16' title='bbox 806 394 808 399; x_wconf 79' lang='grc'>’</span> <span class='ocrx_word' id='word_1_17' title='bbox 883 391 906 447; x_wconf 76' lang='grc' dir='ltr'>Α</span> <span class='ocrx_word' id='word_1_18' title='bbox 925 381 1004 438; x_wconf 77' lang='lat' dir='ltr'>lenit</span> <span class='ocrx_word' id='word_1_19' title='bbox 1018 397 1101 454; x_wconf 90' lang='lat' dir='ltr'>eques</span> <span class='ocrx_word' id='word_1_20' title='bbox 1116 383 1195 441; x_wconf 84' lang='lat' dir='ltr'>niteo</span> <span class='ocrx_word' id='word_1_21' title='bbox 1208 385 1376 444; x_wconf 82' lang='lat' dir='ltr'>venerandus</span> <span class='ocrx_word' id='word_1_22' title='bbox 1390 390 1515 460; x_wconf 76' lang='lat' dir='ltr'>tegmine,</span> <span class='ocrx_word' id='word_1_23' title='bbox 1531 405 1633 449; x_wconf 89' lang='lat' dir='ltr'>necnon</span> 
     </span>
    </p>
   </div>
   <div class='ocr_carea' id='block_1_5' title="bbox 73 476 839 1368">
    <p class='ocr_par' dir='ltr' id='par_1_5' title="bbox 73 476 815 1194">
     <span class='ocr_line' id='line_1_5' title="bbox 77 476 759 552; baseline -0.016 -12"><span class='ocrx_word' id='word_1_24' title='bbox 77 482 259 552; x_wconf 73' lang='lat' dir='ltr'>Temporibus</span> <span class='ocrx_word' id='word_1_25' title='bbox 272 480 364 549; x_wconf 66' lang='lat' dir='ltr'>gennit</span> <span class='ocrx_word' id='word_1_26' title='bbox 376 477 464 547; x_wconf 77' lang='lat' dir='ltr'>fulgur</span> <span class='ocrx_word' id='word_1_27' title='bbox 480 476 630 532; x_wconf 76' lang='lat' dir='ltr'>venerabile</span> <span class='ocrx_word' id='word_1_28' title='bbox 645 477 759 541; x_wconf 84' lang='lat' dir='ltr'>nostris,</span> 
     </span>
     <span class='ocr_line' id='line_1_6' title="bbox 78 565 768 644; baseline -0.017 -14"><span class='ocrx_word' id='word_1_29' title='bbox 78 581 165 630; x_wconf 75' lang='lat' dir='ltr'>dures</span> <span class='ocrx_word' id='word_1_30' title='bbox 181 588 234 644; x_wconf 78' lang='lat' dir='ltr'>qus</span> <span class='ocrx_word' id='word_1_31' title='bbox 248 569 409 626; x_wconf 86' lang='lat' dir='ltr'>Cntlrbertus</span> <span class='ocrx_word' id='word_1_32' title='bbox 421 580 502 636; x_wconf 87' lang='lat' dir='ltr'>agens</span> <span class='ocrx_word' id='word_1_33' title='bbox 518 582 565 636; x_wconf 86' lang='lat' dir='ltr'>per</span> <span class='ocrx_word' id='word_1_34' title='bbox 578 565 663 620; x_wconf 90' lang='lat' dir='ltr'>sidera</span> <span class='ocrx_word' id='word_1_35' title='bbox 677 565 768 626; x_wconf 80' lang='lat' dir='ltr'>vitam.</span> 
     </span>
     <span class='ocr_line' id='line_1_7' title="bbox 75 656 787 728; baseline -0.021 -4"><span class='ocrx_word' id='word_1_36' title='bbox 75 665 215 725; x_wconf 74' lang='lat' dir='ltr'>Scandere</span> <span class='ocrx_word' id='word_1_37' title='bbox 225 663 295 720; x_wconf 89' lang='lat' dir='ltr'>celsa</span> <span class='ocrx_word' id='word_1_38' title='bbox 307 661 362 715; x_wconf 85' lang='lat' dir='ltr'>suis</span> <span class='ocrx_word' id='word_1_39' title='bbox 376 659 467 714; x_wconf 88' lang='lat' dir='ltr'>ducnit</span> <span class='ocrx_word' id='word_1_40' title='bbox 479 657 534 728; x_wconf 84' lang='lat' dir='ltr'>jorn</span> <span class='ocrx_word' id='word_1_41' title='bbox 551 658 673 726; x_wconf 85' lang='lat' dir='ltr'>passibus</span> <span class='ocrx_word' id='word_1_42' title='bbox 689 656 787 726; x_wconf 82' lang='lat' dir='ltr'>linglos</span> 
     </span>
     <span class='ocr_line' id='line_1_8' title="bbox 75 748 757 821; baseline -0.018 -8"><span class='ocrx_word' id='word_1_43' title='bbox 75 759 153 813; x_wconf 88' lang='lat' dir='ltr'>iinrrc</span> <span class='ocrx_word' id='word_1_44' title='bbox 163 759 273 812; x_wconf 81' lang='lat' dir='ltr'>virtutis</span> <span class='ocrx_word' id='word_1_45' title='bbox 287 755 373 808; x_wconf 91' lang='lat' dir='ltr'>lrorror</span> <span class='ocrx_word' id='word_1_46' title='bbox 385 752 441 821; x_wconf 76' lang='lat' dir='ltr'>jann</span> <span class='ocrx_word' id='word_1_47' title='bbox 454 751 539 819; x_wconf 90' lang='lat' dir='ltr'>prirno</span> <span class='ocrx_word' id='word_1_48' title='bbox 553 766 566 802; x_wconf 88' lang='lat' dir='ltr'>a</span> <span class='ocrx_word' id='word_1_49' title='bbox 579 750 670 804; x_wconf 90' lang='lat' dir='ltr'>limine</span> <span class='ocrx_word' id='word_1_50' title='bbox 685 748 757 816; x_wconf 79' lang='lat' dir='ltr'>vitae,</span> 
     </span>
     <span class='ocr_line' id='line_1_9' title="bbox 74 831 756 919; baseline -0.028 -11"><span class='ocrx_word' id='word_1_51' title='bbox 74 851 280 919; x_wconf 75' lang='lat' dir='ltr'>AEtlreriumque</span> <span class='ocrx_word' id='word_1_52' title='bbox 295 845 377 900; x_wconf 90' lang='lat' dir='ltr'>decus</span> <span class='ocrx_word' id='word_1_53' title='bbox 393 841 477 912; x_wconf 89' lang='lat' dir='ltr'>signis</span> <span class='ocrx_word' id='word_1_54' title='bbox 491 831 634 894; x_wconf 84' lang='lat' dir='ltr'>comitatur</span> <span class='ocrx_word' id='word_1_55' title='bbox 648 839 756 908; x_wconf 88' lang='lat' dir='ltr'>apertis.</span> 
     </span>
     <span class='ocr_line' id='line_1_10' title="bbox 73 929 815 1012; baseline -0.019 -15"><span class='ocrx_word' id='word_1_56' title='bbox 73 943 158 1012; x_wconf 77' lang='lat' dir='ltr'>Cujus</span> <span class='ocrx_word' id='word_1_57' title='bbox 172 949 267 995; x_wconf 82' lang='lat' dir='ltr'>cuncta</span> <span class='ocrx_word' id='word_1_58' title='bbox 287 939 500 1003; x_wconf 76' lang='grc'><strong>111111111111111,</strong></span> <span class='ocrx_word' id='word_1_59' title='bbox 517 942 604 985; x_wconf 80' lang='lat' dir='ltr'>tamen</span> <span class='ocrx_word' id='word_1_60' title='bbox 620 931 709 983; x_wconf 87' lang='lat' dir='ltr'>ultima</span> <span class='ocrx_word' id='word_1_61' title='bbox 725 929 815 983; x_wconf 87' lang='lat' dir='ltr'>malint</span> 
     </span>
     <span class='ocr_line' id='line_1_11' title="bbox 74 1021 766 1094; baseline -0.03 -3"><span class='ocrx_word' id='word_1_62' title='bbox 74 1033 299 1092; x_wconf 80' lang='lat' dir='ltr'>Cornmemorans</span> <span class='ocrx_word' id='word_1_63' title='bbox 312 1039 423 1094; x_wconf 87' lang='lat' dir='ltr'>opernm</span> <span class='ocrx_word' id='word_1_64' title='bbox 439 1021 547 1091; x_wconf 76' lang='lat' dir='ltr'>vestigia</span> <span class='ocrx_word' id='word_1_65' title='bbox 559 1028 667 1089; x_wconf 81' lang='lat' dir='ltr'>tangere</span> <span class='ocrx_word' id='word_1_66' title='bbox 678 1034 766 1080; x_wconf 78' lang='lat' dir='ltr'>versu,</span> 
     </span>
     <span class='ocr_line' id='line_1_12' title="bbox 75 1111 767 1194; baseline -0.019 -16"><span class='ocrx_word' id='word_1_67' title='bbox 75 1128 142 1194; x_wconf 70' lang='lat' dir='ltr'>bnis</span> <span class='ocrx_word' id='word_1_68' title='bbox 156 1129 265 1193; x_wconf 88' lang='lat' dir='ltr'>pateant</span> <span class='ocrx_word' id='word_1_69' title='bbox 279 1121 381 1172; x_wconf 87' lang='lat' dir='ltr'>interna</span> <span class='ocrx_word' id='word_1_70' title='bbox 396 1128 478 1170; x_wconf 82' lang='lat' dir='ltr'>sacre</span> <span class='ocrx_word' id='word_1_71' title='bbox 492 1111 644 1166; x_wconf 74' lang='lat' dir='ltr'>fundamina</span> <span class='ocrx_word' id='word_1_72' title='bbox 662 1114 767 1165; x_wconf 87' lang='lat' dir='ltr'>mentis.</span> 
     </span>
    </p>

    <p class='ocr_par' dir='ltr' id='par_1_6' title="bbox 74 1200 839 1368">
     <span class='ocr_line' id='line_1_13' title="bbox 75 1200 839 1283; baseline -0.021 -15"><span class='ocrx_word' id='word_1_73' title='bbox 75 1213 126 1277; x_wconf 81' lang='lat' dir='ltr'>Tu,</span> <span class='ocrx_word' id='word_1_74' title='bbox 140 1225 218 1283; x_wconf 88' lang='lat' dir='ltr'>rogo,</span> <span class='ocrx_word' id='word_1_75' title='bbox 233 1204 435 1274; x_wconf 72' lang='lat' dir='ltr'>summeium,</span> <span class='ocrx_word' id='word_1_76' title='bbox 451 1203 582 1257; x_wconf 91' lang='lat' dir='ltr'>donorum</span> <span class='ocrx_word' id='word_1_77' title='bbox 598 1200 713 1268; x_wconf 76' lang='lat' dir='ltr'>Spiritus</span> <span class='ocrx_word' id='word_1_78' title='bbox 727 1209 839 1259; x_wconf 87' lang='lat' dir='ltr'>auctor:</span> 
     </span>
     <span class='ocr_line' id='line_1_14' title="bbox 74 1291 688 1368; baseline -0.021 -10"><span class='ocrx_word' id='word_1_79' title='bbox 74 1302 114 1358; x_wconf 76' lang='lat' dir='ltr'>Te</span> <span class='ocrx_word' id='word_1_80' title='bbox 126 1306 188 1360; x_wconf 89' lang='lat' dir='ltr'>sine</span> <span class='ocrx_word' id='word_1_81' title='bbox 199 1314 262 1354; x_wconf 87' lang='lat' dir='ltr'>nam</span> <span class='ocrx_word' id='word_1_82' title='bbox 277 1298 355 1368; x_wconf 91' lang='lat' dir='ltr'>digne</span> <span class='ocrx_word' id='word_1_83' title='bbox 370 1293 419 1348; x_wconf 83' lang='lat' dir='ltr'>lari</span> <span class='ocrx_word' id='word_1_84' title='bbox 434 1302 477 1347; x_wconf 79' lang='grc'><strong>11111</strong></span> <span class='ocrx_word' id='word_1_85' title='bbox 493 1291 576 1364; x_wconf 87' lang='lat' dir='ltr'>gratia</span> <span class='ocrx_word' id='word_1_86' title='bbox 593 1291 688 1345; x_wconf 89' lang='lat' dir='ltr'>nescit.</span> 
     </span>
    </p>
   </div>
   <div class='ocr_carea' id='block_1_6' title="bbox 917 474 1616 821">
    <p class='ocr_par' dir='ltr' id='par_1_7' title="bbox 917 474 1616 821">
     <span class='ocr_line' id='line_1_15' title="bbox 917 474 1586 550; baseline 0.01 -23"><span class='ocrx_word' id='word_1_87' title='bbox 917 474 1006 530; x_wconf 79' lang='lat' dir='ltr'>Gratia</span> <span class='ocrx_word' id='word_1_88' title='bbox 1019 475 1156 545; x_wconf 78' lang='lat' dir='ltr'>cornipedi</span> <span class='ocrx_word' id='word_1_89' title='bbox 1169 475 1273 545; x_wconf 81' lang='lat' dir='ltr'>similis,</span> <span class='ocrx_word' id='word_1_90' title='bbox 1288 481 1467 550; x_wconf 86' lang='lat' dir='ltr'>recubumque</span> <span class='ocrx_word' id='word_1_91' title='bbox 1481 482 1586 544; x_wconf 83' lang='lat' dir='ltr'>salutat,</span> 
     </span>
     <span class='ocr_line' id='line_1_16' title="bbox 919 561 1616 639; baseline 0.02 -24"><span class='ocrx_word' id='word_1_92' title='bbox 919 561 1082 633; x_wconf 79' lang='grc'><strong>0111111111</strong></span> <span class='ocrx_word' id='word_1_93' title='bbox 1096 565 1148 620; x_wconf 89' lang='lat' dir='ltr'>sibl</span> <span class='ocrx_word' id='word_1_94' title='bbox 1162 566 1232 621; x_wconf 90' lang='lat' dir='ltr'>lerre</span> <span class='ocrx_word' id='word_1_95' title='bbox 1247 583 1355 639; x_wconf 82' lang='lat' dir='ltr'>rogans.</span> <span class='ocrx_word' id='word_1_96' title='bbox 1369 570 1417 624; x_wconf 87' lang='lat' dir='ltr'>Cui</span> <span class='ocrx_word' id='word_1_97' title='bbox 1433 571 1495 625; x_wconf 87' lang='lat' dir='ltr'>talia</span> <span class='ocrx_word' id='word_1_98' title='bbox 1508 574 1594 626; x_wconf 87' lang='lat' dir='ltr'>reddit</span> <span class='ocrx_word' id='word_1_99' title='bbox 1608 590 1616 629; x_wconf 91' lang='lat'>:</span> 
     </span>
     <span class='ocr_line' id='line_1_17' title="bbox 917 652 1572 730; baseline 0.012 -24"><span class='ocrx_word' id='word_1_100' title='bbox 917 652 1057 722; x_wconf 77' lang='lat' dir='ltr'>obsequiis</span> <span class='ocrx_word' id='word_1_101' title='bbox 1070 671 1139 710; x_wconf 91' lang='lat' dir='ltr'>nnnc</span> <span class='ocrx_word' id='word_1_102' title='bbox 1155 657 1212 722; x_wconf 88' lang='lat' dir='ltr'>ipse</span> <span class='ocrx_word' id='word_1_103' title='bbox 1227 658 1278 711; x_wconf 89' lang='lat' dir='ltr'>tuis</span> <span class='ocrx_word' id='word_1_104' title='bbox 1292 660 1419 714; x_wconf 84' lang='lat' dir='ltr'>assistere</span> <span class='ocrx_word' id='word_1_105' title='bbox 1433 674 1572 730; x_wconf 88' lang='lat' dir='ltr'>promptus</span> 
     </span>
     <span class='ocr_line' id='line_1_18' title="bbox 918 741 1599 821; baseline 0.01 -23"><span class='ocrx_word' id='word_1_106' title='bbox 918 741 1030 804; x_wconf 74' lang='lat' dir='ltr'>Vellem,</span> <span class='ocrx_word' id='word_1_107' title='bbox 1044 746 1071 798; x_wconf 94' lang='lat' dir='ltr'>ni</span> <span class='ocrx_word' id='word_1_108' title='bbox 1085 748 1144 798; x_wconf 94' lang='lat' dir='ltr'>diru</span> <span class='ocrx_word' id='word_1_109' title='bbox 1159 757 1324 816; x_wconf 74' lang='lat' dir='ltr'>premeretur</span> <span class='ocrx_word' id='word_1_110' title='bbox 1338 751 1467 820; x_wconf 70' lang='lat' dir='ltr'>cornipede</span> <span class='ocrx_word' id='word_1_111' title='bbox 1483 767 1599 821; x_wconf 73' lang='lat' dir='ltr'>gressus.</span> 
     </span>
    </p>
   </div>
   <div class='ocr_carea' id='block_1_7' title="bbox 843 834 1664 909">
    <p class='ocr_par' dir='ltr' id='par_1_8' title="bbox 843 834 1664 909">
     <span class='ocr_line' id='line_1_19' title="bbox 843 834 1664 909; baseline 0.013 -22"><span class='ocrx_word' id='word_1_112' title='bbox 843 886 848 895; x_wconf 66' lang='grc'><strong>,</strong></span> <span class='ocrx_word' id='word_1_113' title='bbox 914 834 979 888; x_wconf 84' lang='lat' dir='ltr'>Natu</span> <span class='ocrx_word' id='word_1_114' title='bbox 994 844 1078 890; x_wconf 87' lang='lat' dir='ltr'>tumet</span> <span class='ocrx_word' id='word_1_115' title='bbox 1090 852 1153 891; x_wconf 89' lang='lat' dir='ltr'>ecce</span> <span class='ocrx_word' id='word_1_116' title='bbox 1165 854 1245 907; x_wconf 86' lang='lat' dir='ltr'>genn,</span> <span class='ocrx_word' id='word_1_117' title='bbox 1261 839 1339 894; x_wconf 77' lang='grc'><strong>11111111</strong></span> <span class='ocrx_word' id='word_1_118' title='bbox 1350 843 1420 909; x_wconf 90' lang='lat' dir='ltr'>quud</span> <span class='ocrx_word' id='word_1_119' title='bbox 1435 857 1497 896; x_wconf 85' lang='lat' dir='ltr'>cura</span> <span class='ocrx_word' id='word_1_120' title='bbox 1512 845 1664 898; x_wconf 83' lang='lat' dir='ltr'>medentum</span> 
     </span>
    </p>
   </div>
   <div class='ocr_carea' id='block_1_8' title="bbox 913 922 1638 1264">
    <p class='ocr_par' dir='ltr' id='par_1_9' title="bbox 913 922 1638 1264">
     <span class='ocr_line' id='line_1_20' title="bbox 915 922 1581 1001; baseline 0.015 -25"><span class='ocrx_word' id='word_1_121' title='bbox 915 922 1110 992; x_wconf 86' lang='lat' dir='ltr'>&#39;lerrrporejam</span> <span class='ocrx_word' id='word_1_122' title='bbox 1127 929 1211 980; x_wconf 93' lang='lat' dir='ltr'>rnnltu</span> <span class='ocrx_word' id='word_1_123' title='bbox 1226 929 1307 981; x_wconf 82' lang='lat' dir='ltr'>naluit</span> <span class='ocrx_word' id='word_1_124' title='bbox 1322 933 1426 985; x_wconf 86' lang='lat' dir='ltr'>rrrnllire</span> <span class='ocrx_word' id='word_1_125' title='bbox 1441 935 1541 1001; x_wconf 76' lang='lat' dir='ltr'>lagonis</span> <span class='ocrx_word' id='word_1_126' title='bbox 1558 943 1581 986; x_wconf 71' lang='grc'>1.</span> 
     </span>
     <span class='ocr_line' id='line_1_21' title="bbox 914 1011 1638 1093; baseline 0.019 -28"><span class='ocrx_word' id='word_1_127' title='bbox 914 1011 1006 1066; x_wconf 78' lang='lat' dir='ltr'>Desilit</span> <span class='ocrx_word' id='word_1_128' title='bbox 1020 1014 1117 1082; x_wconf 68' lang='lat' dir='ltr'>hospi-s</span> <span class='ocrx_word' id='word_1_129' title='bbox 1129 1030 1208 1083; x_wconf 87' lang='lat' dir='ltr'>equo,</span> <span class='ocrx_word' id='word_1_130' title='bbox 1223 1018 1312 1086; x_wconf 85' lang='lat' dir='ltr'>palpat</span> <span class='ocrx_word' id='word_1_131' title='bbox 1325 1035 1392 1087; x_wconf 90' lang='lat' dir='ltr'>genn</span> <span class='ocrx_word' id='word_1_132' title='bbox 1405 1023 1511 1076; x_wconf 80' lang='lat' dir='ltr'>sedulus</span> <span class='ocrx_word' id='word_1_133' title='bbox 1525 1039 1638 1093; x_wconf 79' lang='lat' dir='ltr'>aegrum.</span> 
     </span>
     <span class='ocr_line' id='line_1_22' title="bbox 914 1100 1567 1167; baseline 0.017 -11"><span class='ocrx_word' id='word_1_134' title='bbox 914 1100 959 1156; x_wconf 89' lang='lat' dir='ltr'>Sic</span> <span class='ocrx_word' id='word_1_135' title='bbox 972 1103 1040 1157; x_wconf 84' lang='lat' dir='ltr'>istus</span> <span class='ocrx_word' id='word_1_136' title='bbox 1053 1103 1150 1159; x_wconf 73' lang='lat' dir='ltr'>simile</span> <span class='ocrx_word' id='word_1_137' title='bbox 1162 1105 1271 1159; x_wconf 88' lang='lat' dir='ltr'>nitidam</span> <span class='ocrx_word' id='word_1_138' title='bbox 1286 1122 1346 1162; x_wconf 90' lang='lat' dir='ltr'>cnm</span> <span class='ocrx_word' id='word_1_139' title='bbox 1359 1110 1427 1166; x_wconf 86' lang='lat' dir='ltr'>lacte</span> <span class='ocrx_word' id='word_1_140' title='bbox 1447 1111 1567 1167; x_wconf 86' lang='lat' dir='ltr'>larinarn-</span> 
     </span>
     <span class='ocr_line' id='line_1_23' title="bbox 913 1191 1385 1264; baseline 0.017 -17"><span class='ocrx_word' id='word_1_141' title='bbox 913 1191 972 1248; x_wconf 85' lang='grc'><strong>0111</strong></span> <span class='ocrx_word' id='word_1_142' title='bbox 988 1206 1086 1264; x_wconf 82' lang='lat' dir='ltr'>coquat</span> <span class='ocrx_word' id='word_1_143' title='bbox 1103 1199 1201 1264; x_wconf 86' lang='lat' dir='ltr'>pariter</span> <span class='ocrx_word' id='word_1_144' title='bbox 1214 1198 1325 1253; x_wconf 84' lang='lat' dir='ltr'>lerrenti</span> <span class='ocrx_word' id='word_1_145' title='bbox 1330 1237 1385 1255; x_wconf 90' lang='grc'><strong>.....</strong></span> 
     </span>
    </p>
   </div>
   <div class='ocr_carea' id='block_1_9' title="bbox 914 1283 1685 1361">
    <p class='ocr_par' dir='ltr' id='par_1_10' title="bbox 914 1283 1685 1361">
     <span class='ocr_line' id='line_1_24' title="bbox 914 1283 1685 1361; baseline 0.021 -25"><span class='ocrx_word' id='word_1_146' title='bbox 914 1283 1022 1354; x_wconf 84' lang='lat' dir='ltr'>llocque</span> <span class='ocrx_word' id='word_1_147' title='bbox 1034 1288 1112 1341; x_wconf 90' lang='lat' dir='ltr'>istum</span> <span class='ocrx_word' id='word_1_148' title='bbox 1128 1289 1214 1343; x_wconf 88' lang='lat' dir='ltr'>calido</span> <span class='ocrx_word' id='word_1_149' title='bbox 1227 1292 1361 1344; x_wconf 81' lang='lat' dir='ltr'>sanandus</span> <span class='ocrx_word' id='word_1_150' title='bbox 1374 1293 1488 1361; x_wconf 91' lang='lat' dir='ltr'>inungue</span> <span class='ocrx_word' id='word_1_151' title='bbox 1502 1302 1643 1351; x_wconf 90' lang='lat' dir='ltr'>tumorem.</span> <span class='ocrx_word' id='word_1_152' title='bbox 1682 1285 1685 1292; x_wconf 46' lang='lat'><strong>¹</strong></span> 
     </span>
    </p>
   </div>
   <div class='ocr_carea' id='block_1_10' title="bbox 77 1373 1680 1454">
    <p class='ocr_par' dir='ltr' id='par_1_11' title="bbox 77 1373 1680 1454">
     <span class='ocr_line' id='line_1_25' title="bbox 77 1373 1680 1454; baseline -0.004 -10"><span class='ocrx_word' id='word_1_153' title='bbox 77 1388 334 1454; x_wconf 68' lang='lat' dir='ltr'>flammivomisque</span> <span class='ocrx_word' id='word_1_154' title='bbox 346 1383 417 1438; x_wconf 86' lang='lat' dir='ltr'>soles</span> <span class='ocrx_word' id='word_1_155' title='bbox 430 1382 495 1437; x_wconf 81' lang='lat' dir='ltr'>dare</span> <span class='ocrx_word' id='word_1_156' title='bbox 506 1381 550 1449; x_wconf 91' lang='lat' dir='ltr'>qui</span> <span class='ocrx_word' id='word_1_157' title='bbox 564 1396 630 1434; x_wconf 84' lang='lat' dir='ltr'>nora</span> <span class='ocrx_word' id='word_1_158' title='bbox 646 1379 742 1434; x_wconf 78' lang='lat' dir='ltr'>lamine</span> <span class='ocrx_word' id='word_1_159' title='bbox 756 1378 862 1447; x_wconf 86' lang='lat' dir='ltr'>linguis,</span> <span class='ocrx_word' id='word_1_160' title='bbox 913 1373 976 1428; x_wconf 81' lang='lat' dir='ltr'>liae</span> <span class='ocrx_word' id='word_1_161' title='bbox 987 1391 1139 1432; x_wconf 86' lang='lat' dir='ltr'>mernurans</span> <span class='ocrx_word' id='word_1_162' title='bbox 1155 1379 1310 1433; x_wconf 79' lang='lat' dir='ltr'>conscendit</span> <span class='ocrx_word' id='word_1_163' title='bbox 1321 1396 1420 1448; x_wconf 83' lang='lat' dir='ltr'>erptiam</span> <span class='ocrx_word' id='word_1_164' title='bbox 1436 1398 1488 1449; x_wconf 89' lang='lat' dir='ltr'>qno</span> <span class='ocrx_word' id='word_1_165' title='bbox 1502 1394 1622 1448; x_wconf 80' lang='lat' dir='ltr'>venerat,</span> <span class='ocrx_word' id='word_1_166' title='bbox 1635 1387 1680 1438; x_wconf 77' lang='lat' dir='ltr'>illo</span> 
     </span>
    </p>
   </div>
   <div class='ocr_carea' id='block_1_11' title="bbox 81 1472 722 1547">
    <p class='ocr_par' dir='ltr' id='par_1_12' title="bbox 81 1472 722 1547">
     <span class='ocr_line' id='line_1_26' title="bbox 81 1472 722 1547; baseline -0.02 -11"><span class='ocrx_word' id='word_1_167' title='bbox 81 1482 189 1536; x_wconf 83' lang='lat' dir='ltr'>itonera</span> <span class='ocrx_word' id='word_1_168' title='bbox 202 1479 235 1533; x_wconf 90' lang='lat' dir='ltr'>da</span> <span class='ocrx_word' id='word_1_169' title='bbox 249 1477 357 1547; x_wconf 75' lang='lat' dir='ltr'>lingnte.</span> <span class='ocrx_word' id='word_1_170' title='bbox 372 1474 444 1531; x_wconf 83' lang='lat' dir='ltr'>rerbi</span> <span class='ocrx_word' id='word_1_171' title='bbox 458 1485 499 1527; x_wconf 88' lang='lat' dir='ltr'>tua</span> <span class='ocrx_word' id='word_1_172' title='bbox 511 1472 581 1526; x_wconf 88' lang='lat' dir='ltr'>duna</span> <span class='ocrx_word' id='word_1_173' title='bbox 591 1473 722 1526; x_wconf 73' lang='lat' dir='ltr'>ementior</span> 
     </span>
    </p>
   </div>
   <div class='ocr_carea' id='block_1_12' title="bbox 912 1463 1699 1540">
    <p class='ocr_par' dir='ltr' id='par_1_13' title="bbox 912 1463 1699 1540">
     <span class='ocr_line' id='line_1_27' title="bbox 912 1463 1699 1540; baseline 0.009 -20"><span class='ocrx_word' id='word_1_174' title='bbox 912 1463 984 1520; x_wconf 77' lang='lat' dir='ltr'>Galle</span> <span class='ocrx_word' id='word_1_175' title='bbox 998 1467 1106 1520; x_wconf 92' lang='lat' dir='ltr'>domum</span> <span class='ocrx_word' id='word_1_176' title='bbox 1122 1483 1256 1524; x_wconf 85' lang='lat' dir='ltr'>remeans.</span> <span class='ocrx_word' id='word_1_177' title='bbox 1272 1471 1389 1526; x_wconf 87' lang='lat' dir='ltr'>blunitus</span> <span class='ocrx_word' id='word_1_178' title='bbox 1404 1472 1532 1527; x_wconf 77' lang='lat' dir='ltr'>medicina</span> <span class='ocrx_word' id='word_1_179' title='bbox 1547 1488 1635 1530; x_wconf 85' lang='lat' dir='ltr'>secuta</span> <span class='ocrx_word' id='word_1_180' title='bbox 1648 1492 1699 1540; x_wconf 69' lang='grc'><strong>111,</strong></span> 
     </span>
    </p>
   </div>
   <div class='ocr_carea' id='block_1_13' title="bbox 76 1557 1558 1658">
    <p class='ocr_par' dir='ltr' id='par_1_14' title="bbox 76 1557 1558 1658">
     <span class='ocr_line' id='line_1_28' title="bbox 76 1557 1558 1658; baseline -0.017 -14"><span class='ocrx_word' id='word_1_181' title='bbox 76 1589 189 1647; x_wconf 76' lang='lat' dir='ltr'>utini</span> <span class='ocrx_word' id='word_1_182' title='bbox 202 1589 234 1644; x_wconf 92' lang='lat' dir='ltr'>ll.</span> <span class='ocrx_word' id='word_1_183' title='bbox 248 1588 382 1658; x_wconf 77' lang='lat' dir='ltr'>Quomodo</span> <span class='ocrx_word' id='word_1_184' title='bbox 393 1600 456 1655; x_wconf 88' lang='lat' dir='ltr'>puer</span> <span class='ocrx_word' id='word_1_185' title='bbox 467 1583 514 1636; x_wconf 81' lang='lat' dir='ltr'>bei</span> <span class='ocrx_word' id='word_1_186' title='bbox 525 1581 676 1636; x_wconf 83' lang='lat' dir='ltr'>Cutiriertus</span> <span class='ocrx_word' id='word_1_187' title='bbox 686 1564 730 1652; x_wconf 83' lang='lat' dir='ltr'>per</span> <span class='ocrx_word' id='word_1_188' title='bbox 740 1581 864 1650; x_wconf 73' lang='lat' dir='ltr'>irrp&#39;untem</span> <span class='ocrx_word' id='word_1_189' title='bbox 913 1557 1078 1627; x_wconf 49' lang='lat' dir='ltr'>*immine</span> <span class='ocrx_word' id='word_1_190' title='bbox 1091 1573 1168 1614; x_wconf 62' lang='lat'>⁸²⁰0?</span> <span class='ocrx_word' id='word_1_191' title='bbox 1184 1562 1316 1616; x_wconf 65' lang='lat' dir='ltr'>medicum</span> <span class='ocrx_word' id='word_1_192' title='bbox 1331 1566 1436 1618; x_wconf 74' lang='lat' dir='ltr'>venisse</span> <span class='ocrx_word' id='word_1_193' title='bbox 1449 1567 1558 1632; x_wconf 78' lang='lat' dir='ltr'>superni</span> 
     </span>
    </p>
   </div>
   <div class='ocr_carea' id='block_1_14' title="bbox 63 1653 854 5532">
    <p class='ocr_par' dir='ltr' id='par_1_15' title="bbox 217 1653 712 1724">
     <span class='ocr_line' id='line_1_29' title="bbox 217 1653 712 1724; baseline -0.014 -11"><span class='ocrx_word' id='word_1_194' title='bbox 217 1661 250 1713; x_wconf 83' lang='lat' dir='ltr'>rit</span> <span class='ocrx_word' id='word_1_195' title='bbox 263 1659 384 1724; x_wconf 78' lang='lat' dir='ltr'>predicto</span> <span class='ocrx_word' id='word_1_196' title='bbox 399 1655 544 1722; x_wconf 85' lang='lat' dir='ltr'>episcopatu</span> <span class='ocrx_word' id='word_1_197' title='bbox 557 1653 712 1706; x_wconf 83' lang='lat' dir='ltr'>admonitus.</span> 
     </span>
    </p>

    <p class='ocr_par' dir='ltr' id='par_1_16' title="bbox 76 1743 800 2985">
     <span class='ocr_line' id='line_1_30' title="bbox 109 1743 687 1812; baseline -0.021 -6"><span class='ocrx_word' id='word_1_198' title='bbox 109 1753 186 1806; x_wconf 79' lang='lat' dir='ltr'>liuta</span> <span class='ocrx_word' id='word_1_199' title='bbox 203 1750 258 1805; x_wconf 82' lang='lat' dir='ltr'>beo</span> <span class='ocrx_word' id='word_1_200' title='bbox 269 1746 344 1803; x_wconf 86' lang='lat' dir='ltr'>cinari</span> <span class='ocrx_word' id='word_1_201' title='bbox 357 1747 442 1812; x_wconf 86' lang='lat' dir='ltr'>primo</span> <span class='ocrx_word' id='word_1_202' title='bbox 454 1744 572 1800; x_wconf 79' lang='lat' dir='ltr'>ccelesiis</span> <span class='ocrx_word' id='word_1_203' title='bbox 584 1743 618 1794; x_wconf 84' lang='lat' dir='ltr'>air</span> <span class='ocrx_word' id='word_1_204' title='bbox 630 1756 687 1795; x_wconf 77' lang='lat' dir='ltr'>nro</span> 
     </span>
     <span class='ocr_line' id='line_1_31' title="bbox 79 1834 708 1905; baseline -0.016 -10"><span class='ocrx_word' id='word_1_205' title='bbox 79 1842 131 1895; x_wconf 76' lang='lat' dir='ltr'>lita</span> <span class='ocrx_word' id='word_1_206' title='bbox 147 1841 240 1905; x_wconf 84' lang='lat' dir='ltr'>micat,</span> <span class='ocrx_word' id='word_1_207' title='bbox 256 1837 346 1892; x_wconf 77' lang='lat' dir='ltr'>famuli</span> <span class='ocrx_word' id='word_1_208' title='bbox 361 1837 429 1891; x_wconf 91' lang='lat' dir='ltr'>lator</span> <span class='ocrx_word' id='word_1_209' title='bbox 441 1850 520 1905; x_wconf 92' lang='lat' dir='ltr'>quem</span> <span class='ocrx_word' id='word_1_210' title='bbox 534 1834 652 1888; x_wconf 88' lang='lat' dir='ltr'>muneris</span> <span class='ocrx_word' id='word_1_211' title='bbox 662 1835 708 1886; x_wconf 87' lang='lat' dir='ltr'>alti</span> 
     </span>
     <span class='ocr_line' id='line_1_32' title="bbox 78 1924 749 1996; baseline -0.021 -8"><span class='ocrx_word' id='word_1_212' title='bbox 78 1934 142 1988; x_wconf 76' lang='lat' dir='ltr'>iera</span> <span class='ocrx_word' id='word_1_213' title='bbox 158 1939 238 1986; x_wconf 86' lang='lat' dir='ltr'>rocat</span> <span class='ocrx_word' id='word_1_214' title='bbox 249 1927 373 1984; x_wconf 79' lang='lat' dir='ltr'>Christus</span> <span class='ocrx_word' id='word_1_215' title='bbox 385 1926 496 1996; x_wconf 83' lang='lat' dir='ltr'>speciali</span> <span class='ocrx_word' id='word_1_216' title='bbox 512 1925 545 1980; x_wconf 87' lang='lat' dir='ltr'>ad</span> <span class='ocrx_word' id='word_1_217' title='bbox 559 1925 654 1994; x_wconf 86' lang='lat' dir='ltr'>gaudia</span> <span class='ocrx_word' id='word_1_218' title='bbox 669 1924 749 1990; x_wconf 86' lang='lat' dir='ltr'>donn,</span> 
     </span>
     <span class='ocr_line' id='line_1_33' title="bbox 77 2014 749 2091; baseline -0.022 -11"><span class='ocrx_word' id='word_1_219' title='bbox 77 2023 274 2091; x_wconf 65' lang='lat' dir='ltr'>toringosque</span> <span class='ocrx_word' id='word_1_220' title='bbox 287 2018 336 2074; x_wconf 88' lang='lat' dir='ltr'>leri</span> <span class='ocrx_word' id='word_1_221' title='bbox 351 2030 462 2087; x_wconf 79' lang='lat' dir='ltr'>pompae</span> <span class='ocrx_word' id='word_1_222' title='bbox 475 2022 649 2072; x_wconf 88' lang='lat' dir='ltr'>contemnere</span> <span class='ocrx_word' id='word_1_223' title='bbox 663 2014 749 2079; x_wconf 74' lang='lat' dir='ltr'>secli,</span> 
     </span>
     <span class='ocr_line' id='line_1_34' title="bbox 76 2105 796 2184; baseline -0.011 -15"><span class='ocrx_word' id='word_1_224' title='bbox 76 2112 179 2183; x_wconf 82' lang='lat' dir='ltr'>Corque</span> <span class='ocrx_word' id='word_1_225' title='bbox 193 2110 256 2183; x_wconf 92' lang='lat' dir='ltr'>polo</span> <span class='ocrx_word' id='word_1_226' title='bbox 268 2109 390 2165; x_wconf 79' lang='lat' dir='ltr'>stabilire</span> <span class='ocrx_word' id='word_1_227' title='bbox 402 2108 492 2173; x_wconf 86' lang='lat' dir='ltr'>docet,</span> <span class='ocrx_word' id='word_1_228' title='bbox 505 2121 585 2184; x_wconf 83' lang='lat' dir='ltr'>quern</span> <span class='ocrx_word' id='word_1_229' title='bbox 599 2108 713 2176; x_wconf 87' lang='lat' dir='ltr'>donique</span> <span class='ocrx_word' id='word_1_230' title='bbox 727 2105 796 2161; x_wconf 89' lang='lat' dir='ltr'>dulci</span> 
     </span>
     <span class='ocr_line' id='line_1_35' title="bbox 76 2197 704 2273; baseline -0.016 -11"><span class='ocrx_word' id='word_1_231' title='bbox 76 2204 162 2262; x_wconf 82' lang='lat' dir='ltr'>Prima</span> <span class='ocrx_word' id='word_1_232' title='bbox 177 2200 331 2273; x_wconf 86' lang='lat' dir='ltr'>magisterio</span> <span class='ocrx_word' id='word_1_233' title='bbox 347 2212 395 2268; x_wconf 87' lang='lat' dir='ltr'>per</span> <span class='ocrx_word' id='word_1_234' title='bbox 409 2208 527 2268; x_wconf 87' lang='lat' dir='ltr'>tempora</span> <span class='ocrx_word' id='word_1_235' title='bbox 542 2197 633 2268; x_wconf 90' lang='lat' dir='ltr'>dirigit</span> <span class='ocrx_word' id='word_1_236' title='bbox 643 2198 704 2264; x_wconf 82' lang='lat' dir='ltr'>aeri,</span> 
     </span>
     <span class='ocr_line' id='line_1_36' title="bbox 80 2278 800 2363; baseline -0.006 -17"><span class='ocrx_word' id='word_1_237' title='bbox 80 2294 246 2363; x_wconf 76' lang='lat' dir='ltr'>eranduqne</span> <span class='ocrx_word' id='word_1_238' title='bbox 259 2299 413 2362; x_wconf 80' lang='lat' dir='ltr'>proveetum</span> <span class='ocrx_word' id='word_1_239' title='bbox 429 2278 586 2344; x_wconf 73' lang='lat' dir='ltr'>sublimibus</span> <span class='ocrx_word' id='word_1_240' title='bbox 603 2288 700 2343; x_wconf 84' lang='lat' dir='ltr'>inierat</span> <span class='ocrx_word' id='word_1_241' title='bbox 713 2290 800 2343; x_wconf 86' lang='lat' dir='ltr'>astris.</span> 
     </span>
     <span class='ocr_line' id='line_1_37' title="bbox 78 2378 772 2452; baseline -0.007 -13"><span class='ocrx_word' id='word_1_242' title='bbox 78 2383 156 2439; x_wconf 68' lang='lat' dir='ltr'>forte</span> <span class='ocrx_word' id='word_1_243' title='bbox 167 2396 234 2452; x_wconf 83' lang='lat' dir='ltr'>rago</span> <span class='ocrx_word' id='word_1_244' title='bbox 246 2380 354 2451; x_wconf 85' lang='lat' dir='ltr'>gracilis</span> <span class='ocrx_word' id='word_1_245' title='bbox 367 2378 430 2433; x_wconf 89' lang='lat' dir='ltr'>dum</span> <span class='ocrx_word' id='word_1_246' title='bbox 445 2378 565 2447; x_wconf 86' lang='lat' dir='ltr'>gramine</span> <span class='ocrx_word' id='word_1_247' title='bbox 580 2379 683 2434; x_wconf 87' lang='lat' dir='ltr'>luderet</span> <span class='ocrx_word' id='word_1_248' title='bbox 697 2388 772 2445; x_wconf 81' lang='lat' dir='ltr'>atas,</span> 
     </span>
     <span class='ocr_line' id='line_1_38' title="bbox 76 2465 754 2538; baseline -0.015 -8"><span class='ocrx_word' id='word_1_249' title='bbox 76 2472 201 2530; x_wconf 72' lang='lat' dir='ltr'>intererat</span> <span class='ocrx_word' id='word_1_250' title='bbox 217 2470 306 2524; x_wconf 77' lang='lat' dir='ltr'>recinis</span> <span class='ocrx_word' id='word_1_251' title='bbox 318 2467 397 2523; x_wconf 89' lang='lat' dir='ltr'>simul</span> <span class='ocrx_word' id='word_1_252' title='bbox 412 2466 516 2524; x_wconf 87' lang='lat' dir='ltr'>indoles</span> <span class='ocrx_word' id='word_1_253' title='bbox 529 2465 599 2523; x_wconf 87' lang='lat' dir='ltr'>aima</span> <span class='ocrx_word' id='word_1_254' title='bbox 613 2469 754 2538; x_wconf 69' lang='lat' dir='ltr'>palaestris,</span> 
     </span>
     <span class='ocr_line' id='line_1_39' title="bbox 78 2552 736 2628; baseline -0.008 -10"><span class='ocrx_word' id='word_1_255' title='bbox 78 2562 184 2626; x_wconf 91' lang='lat' dir='ltr'>Subqne</span> <span class='ocrx_word' id='word_1_256' title='bbox 199 2560 251 2616; x_wconf 90' lang='lat' dir='ltr'>leri</span> <span class='ocrx_word' id='word_1_257' title='bbox 265 2569 330 2614; x_wconf 82' lang='lat' dir='ltr'>aetas</span> <span class='ocrx_word' id='word_1_258' title='bbox 344 2552 458 2628; x_wconf 84' lang='lat' dir='ltr'>sumpsit</span> <span class='ocrx_word' id='word_1_259' title='bbox 470 2558 612 2614; x_wconf 81' lang='lat' dir='ltr'>luctamine</span> <span class='ocrx_word' id='word_1_260' title='bbox 626 2560 736 2627; x_wconf 86' lang='lat' dir='ltr'>palrrrns.</span> 
     </span>
     <span class='ocr_line' id='line_1_40' title="bbox 79 2647 722 2720; baseline -0.012 -11"><span class='ocrx_word' id='word_1_261' title='bbox 79 2653 127 2709; x_wconf 87' lang='lat' dir='ltr'>Sed</span> <span class='ocrx_word' id='word_1_262' title='bbox 139 2651 270 2708; x_wconf 86' lang='lat' dir='ltr'>bourious</span> <span class='ocrx_word' id='word_1_263' title='bbox 284 2650 364 2720; x_wconf 89' lang='lat' dir='ltr'>digno</span> <span class='ocrx_word' id='word_1_264' title='bbox 378 2647 488 2717; x_wconf 82' lang='lat' dir='ltr'>puerilia</span> <span class='ocrx_word' id='word_1_265' title='bbox 504 2662 581 2702; x_wconf 87' lang='lat' dir='ltr'>sensa</span> <span class='ocrx_word' id='word_1_266' title='bbox 596 2649 722 2716; x_wconf 84' lang='lat' dir='ltr'>magistro</span> 
     </span>
     <span class='ocr_line' id='line_1_41' title="bbox 79 2732 781 2803; baseline -0.009 -11"><span class='ocrx_word' id='word_1_267' title='bbox 79 2738 219 2802; x_wconf 80' lang='lat' dir='ltr'>Correrit;</span> <span class='ocrx_word' id='word_1_268' title='bbox 235 2743 328 2792; x_wconf 90' lang='lat' dir='ltr'>tenero</span> <span class='ocrx_word' id='word_1_269' title='bbox 342 2749 402 2788; x_wconf 89' lang='lat' dir='ltr'>uam</span> <span class='ocrx_word' id='word_1_270' title='bbox 414 2733 448 2788; x_wconf 88' lang='lat' dir='ltr'>de</span> <span class='ocrx_word' id='word_1_271' title='bbox 461 2747 540 2803; x_wconf 85' lang='lat' dir='ltr'>grege</span> <span class='ocrx_word' id='word_1_272' title='bbox 554 2735 678 2801; x_wconf 85' lang='lat' dir='ltr'>parvulus</span> <span class='ocrx_word' id='word_1_273' title='bbox 695 2732 781 2788; x_wconf 87' lang='lat' dir='ltr'>inians</span> 
     </span>
     <span class='ocr_line' id='line_1_42' title="bbox 80 2823 692 2889; baseline -0.011 -6"><span class='ocrx_word' id='word_1_274' title='bbox 80 2828 184 2883; x_wconf 87' lang='lat' dir='ltr'>i&#39;iribus</span> <span class='ocrx_word' id='word_1_275' title='bbox 198 2825 337 2881; x_wconf 81' lang='lat' dir='ltr'>admonuit</span> <span class='ocrx_word' id='word_1_276' title='bbox 349 2823 486 2880; x_wconf 84' lang='lat' dir='ltr'>dubiisne</span> <span class='ocrx_word' id='word_1_277' title='bbox 501 2825 583 2879; x_wconf 85' lang='lat' dir='ltr'>lidere</span> <span class='ocrx_word' id='word_1_278' title='bbox 596 2825 692 2889; x_wconf 83' lang='lat' dir='ltr'>mallet,</span> 
     </span>
     <span class='ocr_line' id='line_1_43' title="bbox 81 2917 708 2985; baseline -0.008 -11"><span class='ocrx_word' id='word_1_279' title='bbox 81 2919 109 2974; x_wconf 83' lang='lat' dir='ltr'>lit</span> <span class='ocrx_word' id='word_1_280' title='bbox 123 2921 218 2974; x_wconf 80' lang='lat' dir='ltr'>lentina</span> <span class='ocrx_word' id='word_1_281' title='bbox 231 2917 305 2973; x_wconf 88' lang='lat' dir='ltr'>brerl</span> <span class='ocrx_word' id='word_1_282' title='bbox 319 2930 479 2973; x_wconf 83' lang='lat' dir='ltr'>consumere</span> <span class='ocrx_word' id='word_1_283' title='bbox 492 2924 611 2985; x_wconf 86' lang='lat' dir='ltr'>tempora</span> <span class='ocrx_word' id='word_1_284' title='bbox 625 2918 687 2969; x_wconf 84' lang='lat' dir='ltr'>lusu</span> <span class='ocrx_word' id='word_1_285' title='bbox 702 2932 708 2969; x_wconf 93' lang='lat'><strong>:</strong></span> 
     </span>
    </p>

    <p class='ocr_par' dir='ltr' id='par_1_17' title="bbox 81 3003 767 3260">
     <span class='ocr_line' id='line_1_44' title="bbox 83 3003 764 3064; baseline -0.01 0"><span class='ocrx_word' id='word_1_286' title='bbox 83 3008 130 3064; x_wconf 85' lang='lat' dir='ltr'>Sed</span> <span class='ocrx_word' id='word_1_287' title='bbox 146 3007 268 3062; x_wconf 79' lang='lat' dir='ltr'>stabilem</span> <span class='ocrx_word' id='word_1_288' title='bbox 284 3003 390 3060; x_wconf 86' lang='lat' dir='ltr'>Domini</span> <span class='ocrx_word' id='word_1_289' title='bbox 402 3016 516 3059; x_wconf 90' lang='lat' dir='ltr'>mentem</span> <span class='ocrx_word' id='word_1_290' title='bbox 532 3006 648 3058; x_wconf 86' lang='lat' dir='ltr'>lirrnaret</span> <span class='ocrx_word' id='word_1_291' title='bbox 662 3019 764 3058; x_wconf 85' lang='lat' dir='ltr'>aurore.</span> 
     </span>
     <span class='ocr_line' id='line_1_45' title="bbox 111 3097 736 3170; baseline -0.006 -15"><span class='ocrx_word' id='word_1_292' title='bbox 111 3106 146 3155; x_wconf 76' lang='lat' dir='ltr'>At</span> <span class='ocrx_word' id='word_1_293' title='bbox 161 3114 227 3170; x_wconf 91' lang='lat' dir='ltr'>puer</span> <span class='ocrx_word' id='word_1_294' title='bbox 237 3099 346 3154; x_wconf 75' lang='lat' dir='ltr'>infantis</span> <span class='ocrx_word' id='word_1_295' title='bbox 360 3097 420 3152; x_wconf 89' lang='lat' dir='ltr'>risit</span> <span class='ocrx_word' id='word_1_296' title='bbox 431 3112 506 3152; x_wconf 84' lang='lat' dir='ltr'>sacra</span> <span class='ocrx_word' id='word_1_297' title='bbox 520 3098 617 3151; x_wconf 82' lang='lat' dir='ltr'>l‘arnina</span> <span class='ocrx_word' id='word_1_298' title='bbox 632 3099 736 3162; x_wconf 77' lang='lat' dir='ltr'>nolens,</span> 
     </span>
     <span class='ocr_line' id='line_1_46' title="bbox 81 3189 767 3260; baseline -0.003 -13"><span class='ocrx_word' id='word_1_299' title='bbox 81 3192 202 3248; x_wconf 76' lang='lat' dir='ltr'>octennis</span> <span class='ocrx_word' id='word_1_300' title='bbox 215 3192 323 3246; x_wconf 88' lang='lat' dir='ltr'>trimum</span> <span class='ocrx_word' id='word_1_301' title='bbox 336 3190 478 3259; x_wconf 86' lang='lat' dir='ltr'>despectus</span> <span class='ocrx_word' id='word_1_302' title='bbox 490 3189 588 3245; x_wconf 86' lang='lat' dir='ltr'>babere</span> <span class='ocrx_word' id='word_1_303' title='bbox 602 3193 767 3260; x_wconf 75' lang='lat' dir='ltr'>magistrum.</span> 
     </span>
    </p>

    <p class='ocr_par' dir='ltr' id='par_1_18' title="bbox 81 3279 775 3536">
     <span class='ocr_line' id='line_1_47' title="bbox 81 3279 728 3354; baseline -0.008 -17"><span class='ocrx_word' id='word_1_304' title='bbox 81 3284 124 3351; x_wconf 78' lang='lat' dir='ltr'>Qui</span> <span class='ocrx_word' id='word_1_305' title='bbox 134 3282 229 3354; x_wconf 76' lang='lat' dir='ltr'>gemit,</span> <span class='ocrx_word' id='word_1_306' title='bbox 243 3289 272 3337; x_wconf 92' lang='lat' dir='ltr'>et</span> <span class='ocrx_word' id='word_1_307' title='bbox 286 3282 357 3335; x_wconf 93' lang='lat' dir='ltr'>luctu</span> <span class='ocrx_word' id='word_1_308' title='bbox 372 3281 466 3335; x_wconf 90' lang='lat' dir='ltr'>lacienr</span> <span class='ocrx_word' id='word_1_309' title='bbox 481 3279 615 3350; x_wconf 77' lang='lat' dir='ltr'>perfundit</span> <span class='ocrx_word' id='word_1_310' title='bbox 626 3294 728 3333; x_wconf 90' lang='lat' dir='ltr'>amaru.</span> 
     </span>
     <span class='ocr_line' id='line_1_48' title="bbox 81 3371 775 3443; baseline -0.014 -11"><span class='ocrx_word' id='word_1_311' title='bbox 81 3377 193 3432; x_wconf 76' lang='lat' dir='ltr'>bairitnr</span> <span class='ocrx_word' id='word_1_312' title='bbox 207 3375 234 3430; x_wconf 91' lang='lat' dir='ltr'>in</span> <span class='ocrx_word' id='word_1_313' title='bbox 249 3374 380 3443; x_wconf 75' lang='lat' dir='ltr'>lacrymas</span> <span class='ocrx_word' id='word_1_314' title='bbox 394 3372 492 3436; x_wconf 65' lang='lat' dir='ltr'>luctus,</span> <span class='ocrx_word' id='word_1_315' title='bbox 504 3372 646 3440; x_wconf 88' lang='lat' dir='ltr'>cunctique</span> <span class='ocrx_word' id='word_1_316' title='bbox 659 3371 775 3424; x_wconf 88' lang='lat' dir='ltr'>ricissirn</span> 
     </span>
     <span class='ocr_line' id='line_1_49' title="bbox 83 3459 706 3536; baseline -0.018 -12"><span class='ocrx_word' id='word_1_317' title='bbox 83 3467 161 3524; x_wconf 85' lang='lat' dir='ltr'>liuius</span> <span class='ocrx_word' id='word_1_318' title='bbox 176 3467 296 3523; x_wconf 86' lang='lat' dir='ltr'>incertos</span> <span class='ocrx_word' id='word_1_319' title='bbox 309 3459 434 3536; x_wconf 79' lang='lat' dir='ltr'>satagunt</span> <span class='ocrx_word' id='word_1_320' title='bbox 446 3464 600 3532; x_wconf 84' lang='lat' dir='ltr'>abstergere</span> <span class='ocrx_word' id='word_1_321' title='bbox 610 3462 706 3516; x_wconf 84' lang='lat' dir='ltr'>deins:</span> 
     </span>
    </p>

    <p class='ocr_par' dir='ltr' id='par_1_19' title="bbox 80 3553 671 3623">
     <span class='ocr_line' id='line_1_50' title="bbox 80 3553 671 3623; baseline -0.01 -10"><span class='ocrx_word' id='word_1_322' title='bbox 80 3557 128 3615; x_wconf 85' lang='lat' dir='ltr'>liec</span> <span class='ocrx_word' id='word_1_323' title='bbox 142 3557 251 3614; x_wconf 74' lang='lat' dir='ltr'>reluere</span> <span class='ocrx_word' id='word_1_324' title='bbox 265 3555 464 3610; x_wconf 77' lang='lat' dir='ltr'>tauren&#39;solatia</span> <span class='ocrx_word' id='word_1_325' title='bbox 479 3562 554 3623; x_wconf 85' lang='lat' dir='ltr'>rapta</span> <span class='ocrx_word' id='word_1_326' title='bbox 568 3553 671 3608; x_wconf 81' lang='lat' dir='ltr'>novari.</span> 
     </span>
    </p>

    <p class='ocr_par' dir='ltr' id='par_1_20' title="bbox 80 3643 840 3810">
     <span class='ocr_line' id='line_1_51' title="bbox 81 3643 840 3720; baseline -0.012 -16"><span class='ocrx_word' id='word_1_327' title='bbox 81 3651 151 3705; x_wconf 87' lang='lat' dir='ltr'>llune</span> <span class='ocrx_word' id='word_1_328' title='bbox 162 3648 207 3720; x_wconf 91' lang='lat' dir='ltr'>pia</span> <span class='ocrx_word' id='word_1_329' title='bbox 221 3647 390 3717; x_wconf 83' lang='lat' dir='ltr'>complexum</span> <span class='ocrx_word' id='word_1_330' title='bbox 405 3644 566 3700; x_wconf 86' lang='lat' dir='ltr'>Cutlrbertns</span> <span class='ocrx_word' id='word_1_331' title='bbox 580 3643 613 3698; x_wconf 90' lang='lat' dir='ltr'>ad</span> <span class='ocrx_word' id='word_1_332' title='bbox 628 3644 717 3698; x_wconf 83' lang='lat' dir='ltr'>oscula</span> <span class='ocrx_word' id='word_1_333' title='bbox 733 3643 840 3705; x_wconf 81' lang='grc'><strong>11111111,</strong></span> 
     </span>
     <span class='ocr_line' id='line_1_52' title="bbox 80 3736 701 3810; baseline -0.016 -11"><span class='ocrx_word' id='word_1_334' title='bbox 80 3745 229 3799; x_wconf 74' lang='lat' dir='ltr'>obsecrant</span> <span class='ocrx_word' id='word_1_335' title='bbox 238 3739 340 3797; x_wconf 84' lang='lat' dir='ltr'>siccare</span> <span class='ocrx_word' id='word_1_336' title='bbox 350 3753 443 3810; x_wconf 78' lang='lat' dir='ltr'>genes,</span> <span class='ocrx_word' id='word_1_337' title='bbox 457 3738 590 3804; x_wconf 84' lang='lat' dir='ltr'>deponere</span> <span class='ocrx_word' id='word_1_338' title='bbox 606 3736 701 3789; x_wconf 88' lang='lat' dir='ltr'>luctus.</span> 
     </span>
    </p>

    <p class='ocr_par' dir='ltr' id='par_1_21' title="bbox 79 3821 723 3902">
     <span class='ocr_line' id='line_1_53' title="bbox 79 3821 723 3902; baseline -0.017 -14"><span class='ocrx_word' id='word_1_339' title='bbox 79 3829 184 3902; x_wconf 73' lang='lat' dir='ltr'>Excipit</span> <span class='ocrx_word' id='word_1_340' title='bbox 197 3839 225 3887; x_wconf 91' lang='lat' dir='ltr'>et</span> <span class='ocrx_word' id='word_1_341' title='bbox 237 3838 333 3886; x_wconf 79' lang='lat' dir='ltr'>moesto</span> <span class='ocrx_word' id='word_1_342' title='bbox 344 3821 430 3899; x_wconf 77' lang='lat' dir='ltr'>instas</span> <span class='ocrx_word' id='word_1_343' title='bbox 444 3828 477 3881; x_wconf 90' lang='lat' dir='ltr'>de</span> <span class='ocrx_word' id='word_1_344' title='bbox 489 3827 571 3881; x_wconf 88' lang='lat' dir='ltr'>corde</span> <span class='ocrx_word' id='word_1_345' title='bbox 584 3826 723 3894; x_wconf 78' lang='lat' dir='ltr'>querelas:</span> 
     </span>
    </p>

    <p class='ocr_par' dir='ltr' id='par_1_22' title="bbox 76 3914 724 3994">
     <span class='ocr_line' id='line_1_54' title="bbox 76 3914 724 3994; baseline -0.022 -12"><span class='ocrx_word' id='word_1_346' title='bbox 76 3927 140 3994; x_wconf 80' lang='lat' dir='ltr'>poio</span> <span class='ocrx_word' id='word_1_347' title='bbox 157 3937 196 3990; x_wconf 83' lang='lat' dir='ltr'>te.</span> <span class='ocrx_word' id='word_1_348' title='bbox 211 3925 303 3992; x_wconf 83' lang='lat' dir='ltr'>enare,</span> <span class='ocrx_word' id='word_1_349' title='bbox 319 3922 370 3977; x_wconf 88' lang='lat' dir='ltr'>leri</span> <span class='ocrx_word' id='word_1_350' title='bbox 382 3914 475 3976; x_wconf 83' lang='lat' dir='ltr'>subdis</span> <span class='ocrx_word' id='word_1_351' title='bbox 490 3934 538 3990; x_wconf 89' lang='lat' dir='ltr'>per</span> <span class='ocrx_word' id='word_1_352' title='bbox 552 3919 638 3975; x_wconf 90' lang='lat' dir='ltr'>inania</span> <span class='ocrx_word' id='word_1_353' title='bbox 653 3919 724 3983; x_wconf 80' lang='lat' dir='ltr'>iuda,</span> 
     </span>
    </p>

    <p class='ocr_par' dir='ltr' id='par_1_23' title="bbox 75 4007 764 4269">
     <span class='ocr_line' id='line_1_55' title="bbox 77 4007 764 4083; baseline -0.017 -12"><span class='ocrx_word' id='word_1_354' title='bbox 77 4019 160 4083; x_wconf 76' lang='lat' dir='ltr'>duem</span> <span class='ocrx_word' id='word_1_355' title='bbox 174 4007 248 4070; x_wconf 76' lang='lat' dir='ltr'>neus</span> <span class='ocrx_word' id='word_1_356' title='bbox 261 4008 374 4069; x_wconf 79' lang='lat' dir='ltr'>aetlrerio</span> <span class='ocrx_word' id='word_1_357' title='bbox 387 4011 510 4067; x_wconf 90' lang='lat' dir='ltr'>sublimis</span> <span class='ocrx_word' id='word_1_358' title='bbox 525 4008 764 4075; x_wconf 77' lang='lat' dir='ltr'>innumerorum,</span> 
     </span>
     <span class='ocr_line' id='line_1_56' title="bbox 77 4101 755 4173; baseline -0.012 -13"><span class='ocrx_word' id='word_1_359' title='bbox 77 4107 230 4162; x_wconf 74' lang='lat' dir='ltr'>l’raeliciens</span> <span class='ocrx_word' id='word_1_360' title='bbox 244 4104 359 4173; x_wconf 91' lang='lat' dir='ltr'>populis,</span> <span class='ocrx_word' id='word_1_361' title='bbox 373 4101 434 4158; x_wconf 84' lang='lat' dir='ltr'>eoeli</span> <span class='ocrx_word' id='word_1_362' title='bbox 446 4102 542 4170; x_wconf 87' lang='lat' dir='ltr'>quibos</span> <span class='ocrx_word' id='word_1_363' title='bbox 556 4101 624 4154; x_wconf 85' lang='lat' dir='ltr'>atria</span> <span class='ocrx_word' id='word_1_364' title='bbox 639 4102 755 4169; x_wconf 77' lang='lat' dir='ltr'>pandas?</span> 
     </span>
     <span class='ocr_line' id='line_1_57' title="bbox 75 4192 727 4269; baseline -0.012 -17"><span class='ocrx_word' id='word_1_365' title='bbox 75 4197 222 4269; x_wconf 86' lang='lat' dir='ltr'>ingenuom</span> <span class='ocrx_word' id='word_1_366' title='bbox 235 4194 323 4250; x_wconf 83' lang='lat' dir='ltr'>stadio</span> <span class='ocrx_word' id='word_1_367' title='bbox 337 4192 455 4262; x_wconf 88' lang='lat' dir='ltr'>nunquid</span> <span class='ocrx_word' id='word_1_368' title='bbox 469 4206 629 4247; x_wconf 87' lang='lat' dir='ltr'>concurrere</span> <span class='ocrx_word' id='word_1_369' title='bbox 643 4193 727 4246; x_wconf 87' lang='lat' dir='ltr'>serris</span> 
     </span>
    </p>

    <p class='ocr_par' dir='ltr' id='par_1_24' title="bbox 72 4280 741 4361">
     <span class='ocr_line' id='line_1_58' title="bbox 72 4280 741 4361; baseline -0.016 -16"><span class='ocrx_word' id='word_1_370' title='bbox 72 4288 124 4344; x_wconf 77' lang='lat' dir='ltr'>ras</span> <span class='ocrx_word' id='word_1_371' title='bbox 138 4287 202 4353; x_wconf 87' lang='lat' dir='ltr'>erit,</span> <span class='ocrx_word' id='word_1_372' title='bbox 215 4292 261 4341; x_wconf 78' lang='lat' dir='ltr'>aut</span> <span class='ocrx_word' id='word_1_373' title='bbox 274 4282 344 4354; x_wconf 80' lang='lat' dir='ltr'>uulgi</span> <span class='ocrx_word' id='word_1_374' title='bbox 357 4280 470 4337; x_wconf 80' lang='lat' dir='ltr'>antistes</span> <span class='ocrx_word' id='word_1_375' title='bbox 480 4280 637 4337; x_wconf 83' lang='lat' dir='ltr'>similabitur</span> <span class='ocrx_word' id='word_1_376' title='bbox 651 4280 741 4361; x_wconf 71' lang='lat' dir='ltr'>actis?</span> 
     </span>
    </p>

    <p class='ocr_par' dir='ltr' id='par_1_25' title="bbox 71 4366 715 4453">
     <span class='ocr_line' id='line_1_59' title="bbox 71 4366 715 4453; baseline -0.016 -17"><span class='ocrx_word' id='word_1_377' title='bbox 71 4381 176 4452; x_wconf 81' lang='lat' dir='ltr'>linque</span> <span class='ocrx_word' id='word_1_378' title='bbox 187 4379 238 4434; x_wconf 92' lang='lat' dir='ltr'>tuis</span> <span class='ocrx_word' id='word_1_379' title='bbox 251 4392 316 4446; x_wconf 80' lang='lat' dir='ltr'>ergo</span> <span class='ocrx_word' id='word_1_380' title='bbox 329 4386 381 4430; x_wconf 86' lang='lat' dir='ltr'>tam</span> <span class='ocrx_word' id='word_1_381' title='bbox 393 4375 500 4430; x_wconf 91' lang='lat' dir='ltr'>dissona</span> <span class='ocrx_word' id='word_1_382' title='bbox 514 4374 605 4453; x_wconf 84' lang='lat' dir='ltr'>iritola</span> <span class='ocrx_word' id='word_1_383' title='bbox 619 4366 715 4440; x_wconf 82' lang='lat' dir='ltr'>iactis,</span> 
     </span>
    </p>

    <p class='ocr_par' dir='ltr' id='par_1_26' title="bbox 70 4465 825 4627">
     <span class='ocr_line' id='line_1_60' title="bbox 70 4465 718 4540; baseline -0.014 -12"><span class='ocrx_word' id='word_1_384' title='bbox 70 4472 244 4540; x_wconf 85' lang='lat' dir='ltr'>berotusque</span> <span class='ocrx_word' id='word_1_385' title='bbox 257 4468 313 4524; x_wconf 84' lang='lat' dir='ltr'>beo</span> <span class='ocrx_word' id='word_1_386' title='bbox 323 4468 427 4522; x_wconf 81' lang='lat' dir='ltr'>sacrum</span> <span class='ocrx_word' id='word_1_387' title='bbox 443 4465 605 4537; x_wconf 83' lang='lat' dir='ltr'>conjungere</span> <span class='ocrx_word' id='word_1_388' title='bbox 618 4474 718 4532; x_wconf 85' lang='lat' dir='ltr'>pectus.</span> 
     </span>
     <span class='ocr_line' id='line_1_61' title="bbox 110 4544 825 4627; baseline -0.017 -11"><span class='ocrx_word' id='word_1_389' title='bbox 110 4561 234 4624; x_wconf 75' lang='grc'><strong>1111111,</strong></span> <span class='ocrx_word' id='word_1_390' title='bbox 249 4565 276 4613; x_wconf 89' lang='lat' dir='ltr'>et</span> <span class='ocrx_word' id='word_1_391' title='bbox 289 4544 362 4626; x_wconf 87' lang='lat' dir='ltr'>pderi</span> <span class='ocrx_word' id='word_1_392' title='bbox 377 4552 548 4627; x_wconf 80' lang='lat' dir='ltr'>grandaevum</span> <span class='ocrx_word' id='word_1_393' title='bbox 560 4555 586 4608; x_wconf 94' lang='lat' dir='ltr'>in</span> <span class='ocrx_word' id='word_1_394' title='bbox 601 4544 708 4622; x_wconf 71' lang='lat' dir='ltr'>{rectore</span> <span class='ocrx_word' id='word_1_395' title='bbox 719 4567 825 4608; x_wconf 89' lang='lat' dir='ltr'>sensum</span> 
     </span>
    </p>

    <p class='ocr_par' dir='ltr' id='par_1_27' title="bbox 66 4642 800 4723">
     <span class='ocr_line' id='line_1_62' title="bbox 66 4642 800 4723; baseline -0.014 -14"><span class='ocrx_word' id='word_1_396' title='bbox 66 4652 188 4723; x_wconf 85' lang='lat' dir='ltr'>Spiritus</span> <span class='ocrx_word' id='word_1_397' title='bbox 201 4645 452 4705; x_wconf 78' lang='lat' dir='ltr'>instituit&#39;cunctum</span> <span class='ocrx_word' id='word_1_398' title='bbox 466 4659 557 4701; x_wconf 90' lang='lat' dir='ltr'>comes</span> <span class='ocrx_word' id='word_1_399' title='bbox 570 4642 656 4701; x_wconf 82' lang='lat' dir='ltr'>almus</span> <span class='ocrx_word' id='word_1_400' title='bbox 668 4646 694 4699; x_wconf 95' lang='lat' dir='ltr'>in</span> <span class='ocrx_word' id='word_1_401' title='bbox 705 4660 800 4699; x_wconf 78' lang='lat' dir='ltr'>arum.</span> 
     </span>
    </p>

    <p class='ocr_par' dir='ltr' id='par_1_28' title="bbox 66 4735 780 4810">
     <span class='ocr_line' id='line_1_63' title="bbox 66 4735 780 4810; baseline -0.015 -10"><span class='ocrx_word' id='word_1_402' title='bbox 66 4744 126 4800; x_wconf 77' lang='lat' dir='ltr'>Nec</span> <span class='ocrx_word' id='word_1_403' title='bbox 140 4743 248 4807; x_wconf 84' lang='lat' dir='ltr'>mirum,</span> <span class='ocrx_word' id='word_1_404' title='bbox 262 4740 377 4795; x_wconf 76' lang='lat' dir='ltr'>inientes</span> <span class='ocrx_word' id='word_1_405' title='bbox 386 4735 517 4810; x_wconf 81' lang='lat' dir='ltr'>&#39;mysteria</span> <span class='ocrx_word' id='word_1_406' title='bbox 531 4735 647 4805; x_wconf 82' lang='lat' dir='ltr'>pandere</span> <span class='ocrx_word' id='word_1_407' title='bbox 660 4737 780 4801; x_wconf 65' lang='lat' dir='ltr'>dimisti,</span> 
     </span>
    </p>

    <p class='ocr_par' dir='ltr' id='par_1_29' title="bbox 64 4822 749 4900">
     <span class='ocr_line' id='line_1_64' title="bbox 64 4822 749 4900; baseline -0.015 -9"><span class='ocrx_word' id='word_1_408' title='bbox 64 4834 283 4900; x_wconf 66' lang='lat' dir='ltr'>lactentumque</span> <span class='ocrx_word' id='word_1_409' title='bbox 294 4822 370 4884; x_wconf 74' lang='lat' dir='ltr'>seder</span> <span class='ocrx_word' id='word_1_410' title='bbox 382 4826 484 4897; x_wconf 87' lang='lat' dir='ltr'>repleat</span> <span class='ocrx_word' id='word_1_411' title='bbox 498 4825 521 4881; x_wconf 91' lang='lat' dir='ltr'>si</span> <span class='ocrx_word' id='word_1_412' title='bbox 535 4827 637 4880; x_wconf 81' lang='lat' dir='ltr'>viscera</span> <span class='ocrx_word' id='word_1_413' title='bbox 652 4825 749 4893; x_wconf 82' lang='lat' dir='ltr'>datus,</span> 
     </span>
    </p>

    <p class='ocr_par' dir='ltr' id='par_1_30' title="bbox 64 4917 729 4994">
     <span class='ocr_line' id='line_1_65' title="bbox 64 4917 729 4994; baseline -0.009 -16"><span class='ocrx_word' id='word_1_414' title='bbox 64 4926 120 4994; x_wconf 83' lang='lat' dir='ltr'>Qui</span> <span class='ocrx_word' id='word_1_415' title='bbox 138 4920 199 4977; x_wconf 87' lang='lat' dir='ltr'>lacit</span> <span class='ocrx_word' id='word_1_416' title='bbox 213 4921 344 4976; x_wconf 87' lang='lat' dir='ltr'>burnanas</span> <span class='ocrx_word' id='word_1_417' title='bbox 353 4918 457 4973; x_wconf 85' lang='lat' dir='ltr'>asinam</span> <span class='ocrx_word' id='word_1_418' title='bbox 470 4917 585 4972; x_wconf 88' lang='lat' dir='ltr'>reboare</span> <span class='ocrx_word' id='word_1_419' title='bbox 598 4917 729 4987; x_wconf 86' lang='lat' dir='ltr'>loquelas.</span> 
     </span>
    </p>

    <p class='ocr_par' dir='ltr' id='par_1_31' title="bbox 63 5028 854 5100">
     <span class='ocr_line' id='line_1_66' title="bbox 63 5028 854 5100; baseline -0.013 -7"><span class='ocrx_word' id='word_1_420' title='bbox 63 5031 184 5093; x_wconf 72' lang='lat' dir='ltr'>CAPUT</span> <span class='ocrx_word' id='word_1_421' title='bbox 202 5032 245 5087; x_wconf 90' lang='lat' dir='ltr'>lit.</span> <span class='ocrx_word' id='word_1_422' title='bbox 267 5032 402 5099; x_wconf 82' lang='lat' dir='ltr'>Quomodo</span> <span class='ocrx_word' id='word_1_423' title='bbox 414 5046 480 5100; x_wconf 81' lang='lat' dir='ltr'>genu</span> <span class='ocrx_word' id='word_1_424' title='bbox 501 5029 604 5083; x_wconf 86' lang='lat' dir='ltr'>dolente</span> <span class='ocrx_word' id='word_1_425' title='bbox 626 5029 733 5083; x_wconf 85' lang='lat' dir='ltr'>claudar</span> <span class='ocrx_word' id='word_1_426' title='bbox 750 5028 854 5095; x_wconf 73' lang='lat' dir='ltr'>effectur</span> 
     </span>
    </p>

    <p class='ocr_par' dir='ltr' id='par_1_32' title="bbox 227 5099 694 5170">
     <span class='ocr_line' id='line_1_67' title="bbox 227 5099 694 5170; baseline -0.011 -13"><span class='ocrx_word' id='word_1_427' title='bbox 227 5101 271 5166; x_wconf 84' lang='lat' dir='ltr'>sit,</span> <span class='ocrx_word' id='word_1_428' title='bbox 286 5111 310 5154; x_wconf 84' lang='lat' dir='ltr'>ci</span> <span class='ocrx_word' id='word_1_429' title='bbox 323 5099 415 5170; x_wconf 82' lang='lat' dir='ltr'>angeio</span> <span class='ocrx_word' id='word_1_430' title='bbox 428 5100 566 5152; x_wconf 78' lang='lat' dir='ltr'>predicante</span> <span class='ocrx_word' id='word_1_431' title='bbox 580 5109 694 5153; x_wconf 84' lang='lat' dir='ltr'>curatur.</span> 
     </span>
    </p>

    <p class='ocr_par' dir='ltr' id='par_1_33' title="bbox 105 5189 713 5250">
     <span class='ocr_line' id='line_1_68' title="bbox 105 5189 713 5250; baseline -0.008 0"><span class='ocrx_word' id='word_1_432' title='bbox 105 5193 236 5250; x_wconf 77' lang='lat' dir='ltr'>Parvulos</span> <span class='ocrx_word' id='word_1_433' title='bbox 250 5192 354 5247; x_wconf 88' lang='lat' dir='ltr'>interea</span> <span class='ocrx_word' id='word_1_434' title='bbox 368 5189 448 5246; x_wconf 88' lang='lat' dir='ltr'>subiti</span> <span class='ocrx_word' id='word_1_435' title='bbox 461 5189 615 5245; x_wconf 87' lang='lat' dir='ltr'>discrimino</span> <span class='ocrx_word' id='word_1_436' title='bbox 628 5190 713 5246; x_wconf 90' lang='lat' dir='ltr'>morbi</span> 
     </span>
    </p>

    <p class='ocr_par' dir='ltr' id='par_1_34' title="bbox 66 5279 735 5353">
     <span class='ocr_line' id='line_1_69' title="bbox 66 5279 735 5353; baseline -0.01 -11"><span class='ocrx_word' id='word_1_437' title='bbox 66 5284 211 5348; x_wconf 74' lang='lat' dir='ltr'>t’tectitrn,</span> <span class='ocrx_word' id='word_1_438' title='bbox 224 5289 305 5353; x_wconf 83' lang='lat' dir='ltr'>atque</span> <span class='ocrx_word' id='word_1_439' title='bbox 318 5280 387 5353; x_wconf 87' lang='lat' dir='ltr'>regit</span> <span class='ocrx_word' id='word_1_440' title='bbox 401 5281 510 5350; x_wconf 81' lang='lat' dir='ltr'>vestigia</span> <span class='ocrx_word' id='word_1_441' title='bbox 525 5279 646 5349; x_wconf 83' lang='lat' dir='ltr'>languida</span> <span class='ocrx_word' id='word_1_442' title='bbox 663 5282 735 5350; x_wconf 89' lang='lat' dir='ltr'>pino.</span> 
     </span>
    </p>

    <p class='ocr_par' dir='ltr' id='par_1_35' title="bbox 65 5368 723 5441">
     <span class='ocr_line' id='line_1_70' title="bbox 65 5368 723 5441; baseline -0.003 -14"><span class='ocrx_word' id='word_1_443' title='bbox 65 5376 194 5441; x_wconf 72' lang='lat' dir='ltr'>cumque</span> <span class='ocrx_word' id='word_1_444' title='bbox 206 5371 250 5426; x_wconf 89' lang='lat' dir='ltr'>dic</span> <span class='ocrx_word' id='word_1_445' title='bbox 263 5368 376 5440; x_wconf 85' lang='lat' dir='ltr'>quadarn</span> <span class='ocrx_word' id='word_1_446' title='bbox 391 5369 441 5423; x_wconf 90' lang='lat' dir='ltr'>sub</span> <span class='ocrx_word' id='word_1_447' title='bbox 452 5370 513 5424; x_wconf 86' lang='lat' dir='ltr'>diro</span> <span class='ocrx_word' id='word_1_448' title='bbox 527 5370 596 5424; x_wconf 81' lang='lat' dir='ltr'>lesan</span> <span class='ocrx_word' id='word_1_449' title='bbox 610 5371 723 5425; x_wconf 86' lang='lat' dir='ltr'>locasset</span> 
     </span>
    </p>

    <p class='ocr_par' dir='ltr' id='par_1_36' title="bbox 64 5461 761 5532">
     <span class='ocr_line' id='line_1_71' title="bbox 64 5461 761 5532; baseline -0.001 -12"><span class='ocrx_word' id='word_1_450' title='bbox 64 5463 188 5520; x_wconf 84' lang='lat' dir='ltr'>llembra</span> <span class='ocrx_word' id='word_1_451' title='bbox 203 5461 299 5518; x_wconf 84' lang='lat' dir='ltr'>dolens</span> <span class='ocrx_word' id='word_1_452' title='bbox 310 5461 384 5516; x_wconf 87' lang='lat' dir='ltr'>solus</span> <span class='ocrx_word' id='word_1_453' title='bbox 396 5461 468 5517; x_wconf 91' lang='lat' dir='ltr'>mitis</span> <span class='ocrx_word' id='word_1_454' title='bbox 482 5476 559 5531; x_wconf 89' lang='lat' dir='ltr'>puer,</span> <span class='ocrx_word' id='word_1_455' title='bbox 574 5476 637 5518; x_wconf 90' lang='lat' dir='ltr'>ecce</span> <span class='ocrx_word' id='word_1_456' title='bbox 651 5474 761 5532; x_wconf 87' lang='lat' dir='ltr'>reponte</span> 
     </span>
    </p>
   </div>
   <div class='ocr_carea' id='block_1_15' title="bbox 64 5612 855 5746">
    <p class='ocr_par' dir='ltr' id='par_1_37' title="bbox 64 5612 855 5746">
     <span class='ocr_line' id='line_1_72' title="bbox 103 5612 855 5685; baseline -0.024 -1"><span class='ocrx_word' id='word_1_457' title='bbox 103 5627 118 5654; x_wconf 80' lang='lat'>⁸</span> <span class='ocrx_word' id='word_1_458' title='bbox 141 5615 168 5667; x_wconf 73' lang='grc' dir='ltr'><strong>Μ</strong></span> <span class='ocrx_word' id='word_1_459' title='bbox 180 5612 221 5668; x_wconf 62' lang='grc' dir='ltr'>θ’ῦῑ</span> <span class='ocrx_word' id='word_1_460' title='bbox 240 5612 393 5679; x_wconf 66' lang='lat' dir='ltr'>lettoribns:</span> <span class='ocrx_word' id='word_1_461' title='bbox 410 5619 470 5670; x_wconf 88' lang='lat' dir='ltr'>nam</span> <span class='ocrx_word' id='word_1_462' title='bbox 486 5613 604 5685; x_wconf 85' lang='lat' dir='ltr'>leporum</span> <span class='ocrx_word' id='word_1_463' title='bbox 618 5629 679 5672; x_wconf 87' lang='lat' dir='ltr'>ossa</span> <span class='ocrx_word' id='word_1_464' title='bbox 696 5615 795 5671; x_wconf 84' lang='lat' dir='ltr'>mederi</span> <span class='ocrx_word' id='word_1_465' title='bbox 816 5619 855 5671; x_wconf 79' lang='lat' dir='ltr'>ti-</span> 
     </span>
     <span class='ocr_line' id='line_1_73' title="bbox 64 5683 384 5746; baseline -0.038 0"><span class='ocrx_word' id='word_1_466' title='bbox 64 5691 174 5746; x_wconf 82' lang='lat' dir='ltr'>biarum</span> <span class='ocrx_word' id='word_1_467' title='bbox 190 5684 290 5738; x_wconf 81' lang='grc'><strong>11111111</strong></span> <span class='ocrx_word' id='word_1_468' title='bbox 302 5683 384 5741; x_wconf 84' lang='grc'><strong>11111.</strong></span> 
     </span>
    </p>
   </div>
   <div class='ocr_carea' id='block_1_16' title="bbox 913 1648 1560 1725">
    <p class='ocr_par' dir='ltr' id='par_1_38' title="bbox 913 1648 1560 1725">
     <span class='ocr_line' id='line_1_74' title="bbox 913 1648 1560 1725; baseline 0.015 -21"><span class='ocrx_word' id='word_1_469' title='bbox 913 1648 1013 1706; x_wconf 79' lang='lat' dir='ltr'>indicis</span> <span class='ocrx_word' id='word_1_470' title='bbox 1027 1666 1041 1705; x_wconf 87' lang='lat' dir='ltr'>a</span> <span class='ocrx_word' id='word_1_471' title='bbox 1056 1653 1124 1707; x_wconf 87' lang='lat' dir='ltr'>solio</span> <span class='ocrx_word' id='word_1_472' title='bbox 1137 1668 1254 1719; x_wconf 79' lang='lat' dir='ltr'>summo.</span> <span class='ocrx_word' id='word_1_473' title='bbox 1270 1657 1313 1725; x_wconf 92' lang='lat' dir='ltr'>qui</span> <span class='ocrx_word' id='word_1_474' title='bbox 1329 1671 1440 1712; x_wconf 87' lang='lat' dir='ltr'>munere</span> <span class='ocrx_word' id='word_1_475' title='bbox 1454 1662 1560 1715; x_wconf 86' lang='lat' dir='ltr'>clausos</span> 
     </span>
    </p>
   </div>
   <div class='ocr_carea' id='block_1_17' title="bbox 876 1722 1451 1815">
    <p class='ocr_par' dir='ltr' id='par_1_39' title="bbox 876 1722 1451 1815">
     <span class='ocr_line' id='line_1_75' title="bbox 876 1722 1451 1815; baseline 0.016 -20"><span class='ocrx_word' id='word_1_476' title='bbox 876 1722 900 1782; x_wconf 76' lang='grc' dir='ltr'><strong>Β</strong></span> <span class='ocrx_word' id='word_1_477' title='bbox 913 1742 1036 1798; x_wconf 73' lang='lat' dir='ltr'>Restituit</span> <span class='ocrx_word' id='word_1_478' title='bbox 1051 1747 1125 1800; x_wconf 82' lang='lat' dir='ltr'>risus</span> <span class='ocrx_word' id='word_1_479' title='bbox 1139 1747 1220 1815; x_wconf 88' lang='lat' dir='ltr'>piscis</span> <span class='ocrx_word' id='word_1_480' title='bbox 1231 1747 1265 1802; x_wconf 88' lang='lat' dir='ltr'>de</span> <span class='ocrx_word' id='word_1_481' title='bbox 1276 1748 1337 1804; x_wconf 87' lang='lat' dir='ltr'>lelle</span> <span class='ocrx_word' id='word_1_482' title='bbox 1349 1748 1451 1804; x_wconf 76' lang='lat' dir='ltr'>Tobiae.</span> 
     </span>
    </p>
   </div>
   <div class='ocr_carea' id='block_1_18' title="bbox 912 1853 1700 1995">
    <p class='ocr_par' dir='ltr' id='par_1_40' title="bbox 912 1853 1700 1995">
     <span class='ocr_line' id='line_1_76' title="bbox 912 1853 1700 1926; baseline 0.014 -19"><span class='ocrx_word' id='word_1_483' title='bbox 912 1853 1024 1911; x_wconf 76' lang='lat' dir='ltr'>curui</span> <span class='ocrx_word' id='word_1_484' title='bbox 1045 1855 1087 1910; x_wconf 82' lang='lat' dir='ltr'>ti.</span> <span class='ocrx_word' id='word_1_485' title='bbox 1109 1855 1243 1923; x_wconf 82' lang='lat' dir='ltr'>Quonrodc</span> <span class='ocrx_word' id='word_1_486' title='bbox 1255 1861 1335 1913; x_wconf 86' lang='lat' dir='ltr'>nentis</span> <span class='ocrx_word' id='word_1_487' title='bbox 1356 1859 1474 1917; x_wconf 82' lang='lat' dir='ltr'>oratione</span> <span class='ocrx_word' id='word_1_488' title='bbox 1491 1864 1613 1926; x_wconf 82' lang='lat' dir='ltr'>carriotis,</span> <span class='ocrx_word' id='word_1_489' title='bbox 1633 1876 1700 1918; x_wconf 84' lang='lat' dir='ltr'>rotet</span> 
     </span>
     <span class='ocr_line' id='line_1_77' title="bbox 1001 1925 1608 1995; baseline 0.016 -17"><span class='ocrx_word' id='word_1_490' title='bbox 1001 1926 1028 1978; x_wconf 89' lang='lat' dir='ltr'>irr</span> <span class='ocrx_word' id='word_1_491' title='bbox 1044 1925 1173 1980; x_wconf 81' lang='lat' dir='ltr'>Oceanum</span> <span class='ocrx_word' id='word_1_492' title='bbox 1187 1928 1308 1995; x_wconf 84' lang='lat' dir='ltr'>delapsus</span> <span class='ocrx_word' id='word_1_493' title='bbox 1321 1933 1608 1987; x_wconf 79' lang='grc'><strong>11111111111111111111.</strong></span> 
     </span>
    </p>
   </div>
   <div class='ocr_carea' id='block_1_19' title="bbox 948 2014 1570 2087">
    <p class='ocr_par' dir='ltr' id='par_1_41' title="bbox 948 2014 1570 2087">
     <span class='ocr_line' id='line_1_78' title="bbox 948 2014 1570 2087; baseline 0.011 -18"><span class='ocrx_word' id='word_1_494' title='bbox 948 2014 1014 2070; x_wconf 91' lang='lat' dir='ltr'>ilinc</span> <span class='ocrx_word' id='word_1_495' title='bbox 1027 2031 1101 2071; x_wconf 81' lang='lat' dir='ltr'>sacra</span> <span class='ocrx_word' id='word_1_496' title='bbox 1114 2015 1207 2086; x_wconf 82' lang='grc'><strong>1111111</strong></span> <span class='ocrx_word' id='word_1_497' title='bbox 1224 2018 1344 2073; x_wconf 85' lang='lat' dir='ltr'>llrmatus</span> <span class='ocrx_word' id='word_1_498' title='bbox 1359 2021 1456 2075; x_wconf 86' lang='lat' dir='ltr'>rubore</span> <span class='ocrx_word' id='word_1_499' title='bbox 1470 2023 1570 2087; x_wconf 77' lang='lat' dir='ltr'>corde,</span> 
     </span>
    </p>
   </div>
   <div class='ocr_carea' id='block_1_20' title="bbox 883 2102 1641 2179">
    <p class='ocr_par' dir='ltr' id='par_1_42' title="bbox 883 2102 1641 2179">
     <span class='ocr_line' id='line_1_79' title="bbox 883 2102 1641 2179; baseline 0.009 -21"><span class='ocrx_word' id='word_1_500' title='bbox 883 2137 886 2142; x_wconf 92' lang='lat'><em>·</em></span> <span class='ocrx_word' id='word_1_501' title='bbox 911 2102 1108 2160; x_wconf 84' lang='lat' dir='ltr'>Celsitirronurn</span> <span class='ocrx_word' id='word_1_502' title='bbox 1124 2105 1217 2162; x_wconf 88' lang='lat' dir='ltr'>didicit</span> <span class='ocrx_word' id='word_1_503' title='bbox 1228 2110 1350 2177; x_wconf 89' lang='lat' dir='ltr'>precibus</span> <span class='ocrx_word' id='word_1_504' title='bbox 1364 2112 1472 2179; x_wconf 87' lang='lat' dir='ltr'>pulsare</span> <span class='ocrx_word' id='word_1_505' title='bbox 1484 2112 1641 2168; x_wconf 81' lang='lat' dir='ltr'>Tonantem.</span> 
     </span>
    </p>
   </div>
   <div class='ocr_carea' id='block_1_21' title="bbox 911 2193 1642 2523">
    <p class='ocr_par' dir='ltr' id='par_1_43' title="bbox 912 2193 1519 2266">
     <span class='ocr_line' id='line_1_80' title="bbox 912 2193 1519 2266; baseline 0.008 -19"><span class='ocrx_word' id='word_1_506' title='bbox 912 2193 959 2247; x_wconf 78' lang='lat' dir='ltr'>Est</span> <span class='ocrx_word' id='word_1_507' title='bbox 972 2194 1044 2248; x_wconf 90' lang='lat' dir='ltr'>locus</span> <span class='ocrx_word' id='word_1_508' title='bbox 1059 2195 1170 2266; x_wconf 87' lang='lat' dir='ltr'>insignis</span> <span class='ocrx_word' id='word_1_509' title='bbox 1184 2196 1256 2252; x_wconf 86' lang='lat' dir='ltr'>narii</span> <span class='ocrx_word' id='word_1_510' title='bbox 1270 2213 1351 2266; x_wconf 85' lang='lat' dir='ltr'>super</span> <span class='ocrx_word' id='word_1_511' title='bbox 1363 2201 1428 2254; x_wconf 87' lang='lat' dir='ltr'>ostia</span> <span class='ocrx_word' id='word_1_512' title='bbox 1445 2201 1519 2264; x_wconf 80' lang='lat' dir='ltr'>Tini,</span> 
     </span>
    </p>

    <p class='ocr_par' dir='ltr' id='par_1_44' title="bbox 911 2284 1642 2523">
     <span class='ocr_line' id='line_1_81' title="bbox 913 2284 1642 2357; baseline 0.008 -19"><span class='ocrx_word' id='word_1_513' title='bbox 913 2285 1017 2338; x_wconf 83' lang='lat' dir='ltr'>Eximio</span> <span class='ocrx_word' id='word_1_514' title='bbox 1029 2284 1084 2354; x_wconf 81' lang='lat' dir='ltr'>jorn</span> <span class='ocrx_word' id='word_1_515' title='bbox 1101 2297 1162 2340; x_wconf 89' lang='lat' dir='ltr'>tunc</span> <span class='ocrx_word' id='word_1_516' title='bbox 1177 2288 1370 2342; x_wconf 77' lang='lat' dir='ltr'>marrucinorum</span> <span class='ocrx_word' id='word_1_517' title='bbox 1385 2291 1508 2344; x_wconf 78' lang='lat' dir='ltr'>examine</span> <span class='ocrx_word' id='word_1_518' title='bbox 1524 2291 1642 2357; x_wconf 89' lang='lat' dir='ltr'>poliens:</span> 
     </span>
     <span class='ocr_line' id='line_1_82' title="bbox 911 2373 1609 2447; baseline 0.009 -21"><span class='ocrx_word' id='word_1_519' title='bbox 911 2373 962 2440; x_wconf 84' lang='grc'>011</span> <span class='ocrx_word' id='word_1_520' title='bbox 978 2374 1107 2428; x_wconf 82' lang='lat' dir='ltr'>veherent</span> <span class='ocrx_word' id='word_1_521' title='bbox 1120 2376 1184 2428; x_wconf 90' lang='lat' dir='ltr'>dum</span> <span class='ocrx_word' id='word_1_522' title='bbox 1204 2376 1275 2446; x_wconf 73' lang='lat' dir='ltr'>ligna</span> <span class='ocrx_word' id='word_1_523' title='bbox 1293 2378 1340 2432; x_wconf 85' lang='lat' dir='ltr'>ieri</span> <span class='ocrx_word' id='word_1_524' title='bbox 1356 2393 1403 2447; x_wconf 90' lang='lat' dir='ltr'>per</span> <span class='ocrx_word' id='word_1_525' title='bbox 1419 2390 1490 2447; x_wconf 85' lang='lat' dir='ltr'>tergo</span> <span class='ocrx_word' id='word_1_526' title='bbox 1507 2381 1609 2445; x_wconf 76' lang='lat' dir='ltr'>liuenti,</span> 
     </span>
     <span class='ocr_line' id='line_1_83' title="bbox 912 2460 1547 2523; baseline 0.014 -9"><span class='ocrx_word' id='word_1_527' title='bbox 912 2460 1040 2515; x_wconf 81' lang='lat' dir='ltr'>Fluminis</span> <span class='ocrx_word' id='word_1_528' title='bbox 1054 2472 1081 2516; x_wconf 91' lang='lat' dir='ltr'>et</span> <span class='ocrx_word' id='word_1_529' title='bbox 1096 2465 1168 2517; x_wconf 86' lang='lat' dir='ltr'>renti</span> <span class='ocrx_word' id='word_1_530' title='bbox 1183 2464 1271 2519; x_wconf 89' lang='lat' dir='ltr'>subito</span> <span class='ocrx_word' id='word_1_531' title='bbox 1287 2465 1417 2520; x_wconf 89' lang='lat' dir='ltr'>lerinntur</span> <span class='ocrx_word' id='word_1_532' title='bbox 1437 2462 1471 2520; x_wconf 88' lang='lat' dir='ltr'>ab</span> <span class='ocrx_word' id='word_1_533' title='bbox 1484 2470 1547 2523; x_wconf 91' lang='lat' dir='ltr'>ictn.</span> 
     </span>
    </p>
   </div>
   <div class='ocr_carea' id='block_1_22' title="bbox 910 2552 1663 3084">
    <p class='ocr_par' dir='ltr' id='par_1_45' title="bbox 911 2552 1626 2627">
     <span class='ocr_line' id='line_1_84' title="bbox 911 2552 1626 2627; baseline 0.014 -24"><span class='ocrx_word' id='word_1_534' title='bbox 911 2552 1033 2620; x_wconf 78' lang='lat' dir='ltr'>erinqne</span> <span class='ocrx_word' id='word_1_535' title='bbox 1047 2553 1122 2607; x_wconf 86' lang='lat' dir='ltr'>inere</span> <span class='ocrx_word' id='word_1_536' title='bbox 1133 2566 1214 2618; x_wconf 84' lang='lat' dir='ltr'>rates,</span> <span class='ocrx_word' id='word_1_537' title='bbox 1232 2555 1324 2623; x_wconf 86' lang='lat' dir='ltr'>rapido</span> <span class='ocrx_word' id='word_1_538' title='bbox 1335 2571 1394 2625; x_wconf 69' lang='lat' dir='ltr'>quse</span> <span class='ocrx_word' id='word_1_539' title='bbox 1408 2560 1512 2627; x_wconf 75' lang='lat' dir='ltr'>gurgite</span> <span class='ocrx_word' id='word_1_540' title='bbox 1524 2570 1626 2614; x_wconf 82' lang='lat' dir='ltr'>cuncto</span> 
     </span>
    </p>

    <p class='ocr_par' dir='ltr' id='par_1_46' title="bbox 910 2641 1517 2716">
     <span class='ocr_line' id='line_1_85' title="bbox 910 2641 1517 2716; baseline 0.012 -22"><span class='ocrx_word' id='word_1_541' title='bbox 910 2641 1007 2695; x_wconf 84' lang='lat' dir='ltr'>Oceani</span> <span class='ocrx_word' id='word_1_542' title='bbox 1019 2656 1114 2695; x_wconf 84' lang='lat' dir='ltr'>catum</span> <span class='ocrx_word' id='word_1_543' title='bbox 1128 2657 1219 2709; x_wconf 76' lang='lat' dir='ltr'>prrrrrsn</span> <span class='ocrx_word' id='word_1_544' title='bbox 1233 2643 1358 2698; x_wconf 82' lang='lat' dir='ltr'>labuntur</span> <span class='ocrx_word' id='word_1_545' title='bbox 1372 2649 1399 2700; x_wconf 93' lang='lat' dir='ltr'>in</span> <span class='ocrx_word' id='word_1_546' title='bbox 1414 2663 1517 2716; x_wconf 82' lang='lat' dir='ltr'>aequor.</span> 
     </span>
    </p>

    <p class='ocr_par' dir='ltr' id='par_1_47' title="bbox 910 2731 1663 2810">
     <span class='ocr_line' id='line_1_86' title="bbox 910 2731 1663 2810; baseline 0.015 -24"><span class='ocrx_word' id='word_1_547' title='bbox 910 2731 1021 2799; x_wconf 81' lang='lat' dir='ltr'>iamque</span> <span class='ocrx_word' id='word_1_548' title='bbox 1034 2734 1119 2788; x_wconf 90' lang='lat' dir='ltr'>oculis</span> <span class='ocrx_word' id='word_1_549' title='bbox 1132 2734 1266 2790; x_wconf 88' lang='lat' dir='ltr'>abstracta</span> <span class='ocrx_word' id='word_1_550' title='bbox 1283 2738 1374 2806; x_wconf 90' lang='lat' dir='ltr'>procul</span> <span class='ocrx_word' id='word_1_551' title='bbox 1385 2777 1393 2801; x_wconf 89' lang='lat'>,</span> <span class='ocrx_word' id='word_1_552' title='bbox 1406 2739 1477 2793; x_wconf 87' lang='lat' dir='ltr'>reiut</span> <span class='ocrx_word' id='word_1_553' title='bbox 1489 2742 1572 2810; x_wconf 90' lang='lat' dir='ltr'>aliger</span> <span class='ocrx_word' id='word_1_554' title='bbox 1586 2745 1663 2797; x_wconf 90' lang='lat' dir='ltr'>rnnlis</span> 
     </span>
    </p>

    <p class='ocr_par' dir='ltr' id='par_1_48' title="bbox 911 2823 1580 2991">
     <span class='ocr_line' id='line_1_87' title="bbox 911 2823 1554 2902; baseline 0.019 -24"><span class='ocrx_word' id='word_1_555' title='bbox 911 2823 1044 2891; x_wconf 81' lang='lat' dir='ltr'>llergulus</span> <span class='ocrx_word' id='word_1_556' title='bbox 1059 2827 1172 2892; x_wconf 83' lang='lat' dir='ltr'>innaret,</span> <span class='ocrx_word' id='word_1_557' title='bbox 1188 2840 1263 2896; x_wconf 82' lang='lat' dir='ltr'>paret</span> <span class='ocrx_word' id='word_1_558' title='bbox 1274 2837 1321 2897; x_wconf 76' lang='lat' dir='ltr'>p&#39;er</span> <span class='ocrx_word' id='word_1_559' title='bbox 1335 2832 1432 2886; x_wconf 83' lang='lat' dir='ltr'>carnia</span> <span class='ocrx_word' id='word_1_560' title='bbox 1449 2837 1554 2902; x_wconf 91' lang='lat' dir='ltr'>puppis.</span> 
     </span>
     <span class='ocr_line' id='line_1_88' title="bbox 949 2914 1580 2991; baseline 0.019 -26"><span class='ocrx_word' id='word_1_561' title='bbox 949 2914 1088 2980; x_wconf 75' lang='lat' dir='ltr'>Egreditur</span> <span class='ocrx_word' id='word_1_562' title='bbox 1103 2916 1219 2972; x_wconf 85' lang='lat' dir='ltr'>iraterrra</span> <span class='ocrx_word' id='word_1_563' title='bbox 1234 2921 1342 2984; x_wconf 81' lang='lat' dir='ltr'>cultore,</span> <span class='ocrx_word' id='word_1_564' title='bbox 1358 2933 1385 2976; x_wconf 90' lang='lat' dir='ltr'>et</span> <span class='ocrx_word' id='word_1_565' title='bbox 1399 2925 1497 2991; x_wconf 88' lang='lat' dir='ltr'>poplite</span> <span class='ocrx_word' id='word_1_566' title='bbox 1511 2926 1580 2979; x_wconf 84' lang='lat' dir='ltr'>[lero</span> 
     </span>
    </p>

    <p class='ocr_par' dir='ltr' id='par_1_49' title="bbox 911 3002 1625 3084">
     <span class='ocr_line' id='line_1_89' title="bbox 911 3002 1625 3084; baseline 0.018 -27"><span class='ocrx_word' id='word_1_567' title='bbox 911 3002 1021 3058; x_wconf 83' lang='lat' dir='ltr'>AEtlrera</span> <span class='ocrx_word' id='word_1_568' title='bbox 1035 3006 1194 3075; x_wconf 84' lang='lat' dir='ltr'>suscipiunt,</span> <span class='ocrx_word' id='word_1_569' title='bbox 1210 3010 1301 3075; x_wconf 84' lang='grc'><strong>111111,</strong></span> <span class='ocrx_word' id='word_1_570' title='bbox 1318 3027 1464 3082; x_wconf 82' lang='lat' dir='ltr'>pacemque</span> <span class='ocrx_word' id='word_1_571' title='bbox 1477 3028 1625 3084; x_wconf 80' lang='lat' dir='ltr'>precantes.</span> 
     </span>
    </p>
   </div>
   <div class='ocr_carea' id='block_1_23' title="bbox 870 3073 1647 3175">
    <p class='ocr_par' dir='ltr' id='par_1_50' title="bbox 870 3073 1647 3175">
     <span class='ocr_line' id='line_1_90' title="bbox 870 3073 1647 3175; baseline 0.017 -29"><span class='ocrx_word' id='word_1_572' title='bbox 870 3073 897 3135; x_wconf 74' lang='lat'><strong>0</strong></span> <span class='ocrx_word' id='word_1_573' title='bbox 911 3093 1041 3147; x_wconf 79' lang='lat' dir='ltr'>Servatur</span> <span class='ocrx_word' id='word_1_574' title='bbox 1055 3096 1102 3150; x_wconf 87' lang='lat' dir='ltr'>sed</span> <span class='ocrx_word' id='word_1_575' title='bbox 1117 3097 1166 3151; x_wconf 88' lang='lat' dir='ltr'>bue</span> <span class='ocrx_word' id='word_1_576' title='bbox 1182 3097 1227 3170; x_wconf 77' lang='lat' dir='ltr'>[F.</span> <span class='ocrx_word' id='word_1_577' title='bbox 1241 3101 1308 3172; x_wconf 80' lang='lat' dir='ltr'>lraec&#39;}</span> <span class='ocrx_word' id='word_1_578' title='bbox 1324 3117 1407 3171; x_wconf 93' lang='lat' dir='ltr'>puero</span> <span class='ocrx_word' id='word_1_579' title='bbox 1422 3105 1530 3159; x_wconf 82' lang='lat' dir='ltr'>victoria</span> <span class='ocrx_word' id='word_1_580' title='bbox 1543 3106 1556 3143; x_wconf 72' lang='lat'>¹³</span> <span class='ocrx_word' id='word_1_581' title='bbox 1569 3109 1647 3175; x_wconf 81' lang='lat' dir='ltr'>lectu,</span> 
     </span>
    </p>
   </div>
   <div class='ocr_carea' id='block_1_24' title="bbox 908 3182 1762 4261">
    <p class='ocr_par' dir='ltr' id='par_1_51' title="bbox 908 3182 1762 3801">
     <span class='ocr_line' id='line_1_91' title="bbox 910 3182 1588 3267; baseline 0.028 -34"><span class='ocrx_word' id='word_1_582' title='bbox 910 3182 958 3248; x_wconf 81' lang='lat' dir='ltr'>Qui</span> <span class='ocrx_word' id='word_1_583' title='bbox 977 3193 1030 3237; x_wconf 92' lang='lat' dir='ltr'>turn</span> <span class='ocrx_word' id='word_1_584' title='bbox 1047 3184 1116 3241; x_wconf 79' lang='lat' dir='ltr'>iuste</span> <span class='ocrx_word' id='word_1_585' title='bbox 1129 3187 1189 3242; x_wconf 80' lang='lat' dir='ltr'>aliae</span> <span class='ocrx_word' id='word_1_586' title='bbox 1200 3189 1257 3259; x_wconf 83' lang='lat' dir='ltr'>jann</span> <span class='ocrx_word' id='word_1_587' title='bbox 1274 3192 1360 3246; x_wconf 85' lang='lat' dir='ltr'>stabat</span> <span class='ocrx_word' id='word_1_588' title='bbox 1373 3192 1399 3246; x_wconf 93' lang='lat' dir='ltr'>in</span> <span class='ocrx_word' id='word_1_589' title='bbox 1415 3195 1491 3250; x_wconf 89' lang='lat' dir='ltr'>obice</span> <span class='ocrx_word' id='word_1_590' title='bbox 1506 3200 1588 3267; x_wconf 72' lang='lat' dir='ltr'>ripae,</span> 
     </span>
     <span class='ocr_line' id='line_1_92' title="bbox 912 3273 1694 3359; baseline 0.027 -34"><span class='ocrx_word' id='word_1_591' title='bbox 912 3273 1008 3342; x_wconf 79' lang='lat' dir='ltr'>Vulgus</span> <span class='ocrx_word' id='word_1_592' title='bbox 1027 3287 1053 3329; x_wconf 88' lang='lat' dir='ltr'>et</span> <span class='ocrx_word' id='word_1_593' title='bbox 1067 3278 1234 3334; x_wconf 88' lang='lat' dir='ltr'>innumerum</span> <span class='ocrx_word' id='word_1_594' title='bbox 1249 3282 1408 3354; x_wconf 76' lang='lat' dir='ltr'>grandisque</span> <span class='ocrx_word' id='word_1_595' title='bbox 1426 3295 1532 3341; x_wconf 81' lang='lat' dir='ltr'>caterua</span> <span class='ocrx_word' id='word_1_596' title='bbox 1553 3290 1694 3359; x_wconf 84' lang='lat' dir='ltr'>ridentum,</span> 
     </span>
     <span class='ocr_line' id='line_1_93' title="bbox 909 3364 1629 3448; baseline 0.029 -32"><span class='ocrx_word' id='word_1_597' title='bbox 909 3364 1009 3420; x_wconf 82' lang='lat' dir='ltr'>Gaurlia</span> <span class='ocrx_word' id='word_1_598' title='bbox 1024 3383 1084 3422; x_wconf 89' lang='lat' dir='ltr'>nam</span> <span class='ocrx_word' id='word_1_599' title='bbox 1098 3374 1220 3440; x_wconf 85' lang='lat' dir='ltr'>reprobis</span> <span class='ocrx_word' id='word_1_600' title='bbox 1234 3386 1295 3431; x_wconf 84' lang='lat' dir='ltr'>suut</span> <span class='ocrx_word' id='word_1_601' title='bbox 1310 3379 1393 3431; x_wconf 90' lang='lat' dir='ltr'>tristia</span> <span class='ocrx_word' id='word_1_602' title='bbox 1413 3379 1463 3432; x_wconf 83' lang='lat' dir='ltr'>lato</span> <span class='ocrx_word' id='word_1_603' title='bbox 1478 3384 1629 3448; x_wconf 88' lang='lat' dir='ltr'>proborum.</span> 
     </span>
     <span class='ocr_line' id='line_1_94' title="bbox 908 3453 1562 3536; baseline 0.023 -27"><span class='ocrx_word' id='word_1_604' title='bbox 908 3453 1003 3523; x_wconf 83' lang='grc'><strong>111111,</strong></span> <span class='ocrx_word' id='word_1_605' title='bbox 1018 3459 1064 3526; x_wconf 92' lang='lat' dir='ltr'>qui</span> <span class='ocrx_word' id='word_1_606' title='bbox 1077 3459 1153 3526; x_wconf 84' lang='lat' dir='ltr'>dixit,</span> <span class='ocrx_word' id='word_1_607' title='bbox 1170 3464 1319 3534; x_wconf 85' lang='lat' dir='ltr'>linquamus</span> <span class='ocrx_word' id='word_1_608' title='bbox 1334 3470 1441 3536; x_wconf 86' lang='lat' dir='ltr'>gandia,</span> <span class='ocrx_word' id='word_1_609' title='bbox 1456 3470 1562 3535; x_wconf 71' lang='lat' dir='ltr'>iratres,</span> 
     </span>
     <span class='ocr_line' id='line_1_95' title="bbox 910 3547 1656 3631; baseline 0.02 -30"><span class='ocrx_word' id='word_1_610' title='bbox 910 3547 1105 3606; x_wconf 83' lang='lat' dir='ltr'>Conrluieamus</span> <span class='ocrx_word' id='word_1_611' title='bbox 1119 3565 1145 3608; x_wconf 90' lang='lat' dir='ltr'>et</span> <span class='ocrx_word' id='word_1_612' title='bbox 1161 3555 1201 3608; x_wconf 87' lang='lat' dir='ltr'>bis</span> <span class='ocrx_word' id='word_1_613' title='bbox 1215 3571 1281 3625; x_wconf 91' lang='lat' dir='ltr'>quos</span> <span class='ocrx_word' id='word_1_614' title='bbox 1296 3560 1406 3612; x_wconf 82' lang='lat' dir='ltr'>verbera</span> <span class='ocrx_word' id='word_1_615' title='bbox 1423 3571 1515 3613; x_wconf 87' lang='lat' dir='ltr'>rnoesta</span> <span class='ocrx_word' id='word_1_616' title='bbox 1529 3563 1656 3631; x_wconf 54' lang='lat' dir='ltr'>irrignum</span> 
     </span>
     <span class='ocr_line' id='line_1_96' title="bbox 912 3636 1762 3717; baseline 0.024 -28"><span class='ocrx_word' id='word_1_617' title='bbox 912 3636 961 3691; x_wconf 77' lang='lat' dir='ltr'>Vel</span> <span class='ocrx_word' id='word_1_618' title='bbox 978 3639 1117 3697; x_wconf 87' lang='lat' dir='ltr'>bominum</span> <span class='ocrx_word' id='word_1_619' title='bbox 1131 3646 1228 3713; x_wconf 86' lang='lat' dir='ltr'>potins,</span> <span class='ocrx_word' id='word_1_620' title='bbox 1243 3650 1285 3716; x_wconf 90' lang='lat' dir='ltr'>qui</span> <span class='ocrx_word' id='word_1_621' title='bbox 1301 3648 1384 3702; x_wconf 81' lang='lat' dir='ltr'>{labra</span> <span class='ocrx_word' id='word_1_622' title='bbox 1396 3651 1496 3703; x_wconf 84' lang='lat' dir='ltr'>crearit</span> <span class='ocrx_word' id='word_1_623' title='bbox 1506 3661 1533 3704; x_wconf 92' lang='lat' dir='ltr'>et</span> <span class='ocrx_word' id='word_1_624' title='bbox 1548 3656 1641 3717; x_wconf 83' lang='lat' dir='ltr'>undas,</span> <span class='ocrx_word' id='word_1_625' title='bbox 1750 3668 1762 3680; x_wconf 74' lang='lat'><em>¹</em></span> 
     </span>
     <span class='ocr_line' id='line_1_97' title="bbox 908 3730 1461 3801; baseline 0.02 -18"><span class='ocrx_word' id='word_1_626' title='bbox 908 3730 1030 3794; x_wconf 76' lang='grc'><strong>01111111,</strong></span> <span class='ocrx_word' id='word_1_627' title='bbox 1046 3731 1168 3801; x_wconf 73' lang='lat' dir='ltr'>dignetur</span> <span class='ocrx_word' id='word_1_628' title='bbox 1183 3736 1234 3792; x_wconf 88' lang='lat' dir='ltr'>iter</span> <span class='ocrx_word' id='word_1_629' title='bbox 1246 3740 1345 3793; x_wconf 78' lang='lat' dir='ltr'>donare</span> <span class='ocrx_word' id='word_1_630' title='bbox 1359 3740 1461 3795; x_wconf 89' lang='lat' dir='ltr'>salutis.</span> 
     </span>
    </p>

    <p class='ocr_par' dir='ltr' id='par_1_52' title="bbox 909 3819 1587 4261">
     <span class='ocr_line' id='line_1_98' title="bbox 909 3819 1554 3900; baseline 0.023 -27"><span class='ocrx_word' id='word_1_631' title='bbox 909 3819 1015 3873; x_wconf 78' lang='lat' dir='ltr'>Rustica</span> <span class='ocrx_word' id='word_1_632' title='bbox 1035 3825 1081 3877; x_wconf 91' lang='lat' dir='ltr'>sed</span> <span class='ocrx_word' id='word_1_633' title='bbox 1095 3825 1176 3892; x_wconf 80' lang='lat' dir='ltr'>justis</span> <span class='ocrx_word' id='word_1_634' title='bbox 1188 3828 1311 3883; x_wconf 87' lang='lat' dir='ltr'>dissentit</span> <span class='ocrx_word' id='word_1_635' title='bbox 1325 3829 1402 3885; x_wconf 85' lang='lat' dir='ltr'>turba</span> <span class='ocrx_word' id='word_1_636' title='bbox 1416 3833 1534 3888; x_wconf 86' lang='lat' dir='ltr'>suadelis</span> <span class='ocrx_word' id='word_1_637' title='bbox 1546 3851 1554 3900; x_wconf 87' lang='lat'>;</span> 
     </span>
     <span class='ocr_line' id='line_1_99' title="bbox 910 3907 1536 3987; baseline 0.026 -26"><span class='ocrx_word' id='word_1_638' title='bbox 910 3907 954 3963; x_wconf 90' lang='lat' dir='ltr'>lile</span> <span class='ocrx_word' id='word_1_639' title='bbox 968 3925 1037 3978; x_wconf 86' lang='lat' dir='ltr'>gerru</span> <span class='ocrx_word' id='word_1_640' title='bbox 1053 3910 1121 3967; x_wconf 85' lang='lat' dir='ltr'>llexo</span> <span class='ocrx_word' id='word_1_641' title='bbox 1137 3916 1211 3970; x_wconf 83' lang='lat' dir='ltr'>vultu</span> <span class='ocrx_word' id='word_1_642' title='bbox 1232 3932 1293 3971; x_wconf 88' lang='lat' dir='ltr'>mox</span> <span class='ocrx_word' id='word_1_643' title='bbox 1308 3933 1440 3987; x_wconf 79' lang='lat' dir='ltr'>presserat</span> <span class='ocrx_word' id='word_1_644' title='bbox 1454 3936 1536 3977; x_wconf 82' lang='lat' dir='ltr'>arra:</span> 
     </span>
     <span class='ocr_line' id='line_1_100' title="bbox 909 3997 1542 4081; baseline 0.028 -31"><span class='ocrx_word' id='word_1_645' title='bbox 909 3997 1042 4055; x_wconf 83' lang='lat' dir='ltr'>liniantur</span> <span class='ocrx_word' id='word_1_646' title='bbox 1056 4005 1139 4071; x_wconf 85' lang='lat' dir='ltr'>venti,</span> <span class='ocrx_word' id='word_1_647' title='bbox 1155 4006 1308 4076; x_wconf 87' lang='lat' dir='ltr'>ratibusque</span> <span class='ocrx_word' id='word_1_648' title='bbox 1320 4016 1345 4064; x_wconf 86' lang='lat' dir='ltr'>in</span> <span class='ocrx_word' id='word_1_649' title='bbox 1361 4010 1448 4065; x_wconf 89' lang='lat' dir='ltr'>littura</span> <span class='ocrx_word' id='word_1_650' title='bbox 1462 4012 1542 4081; x_wconf 85' lang='lat' dir='ltr'>jactis</span> 
     </span>
     <span class='ocr_line' id='line_1_101' title="bbox 910 4090 1515 4172; baseline 0.02 -28"><span class='ocrx_word' id='word_1_651' title='bbox 910 4090 1022 4147; x_wconf 84' lang='lat' dir='ltr'>Erubuit</span> <span class='ocrx_word' id='word_1_652' title='bbox 1036 4094 1125 4150; x_wconf 72' lang='lat' dir='ltr'>lantum</span> <span class='ocrx_word' id='word_1_653' title='bbox 1142 4097 1201 4152; x_wconf 88' lang='lat' dir='ltr'>riso</span> <span class='ocrx_word' id='word_1_654' title='bbox 1226 4115 1272 4167; x_wconf 92' lang='lat' dir='ltr'>pro</span> <span class='ocrx_word' id='word_1_655' title='bbox 1288 4102 1396 4156; x_wconf 91' lang='lat' dir='ltr'>numine</span> <span class='ocrx_word' id='word_1_656' title='bbox 1413 4105 1515 4172; x_wconf 81' lang='lat' dir='ltr'>rulgrrs,</span> 
     </span>
     <span class='ocr_line' id='line_1_102' title="bbox 912 4180 1587 4261; baseline 0.019 -25"><span class='ocrx_word' id='word_1_657' title='bbox 912 4180 1100 4253; x_wconf 88' lang='lat' dir='ltr'>Glnrillcatque</span> <span class='ocrx_word' id='word_1_658' title='bbox 1114 4186 1208 4254; x_wconf 83' lang='lat' dir='ltr'>licum,</span> <span class='ocrx_word' id='word_1_659' title='bbox 1234 4191 1321 4245; x_wconf 91' lang='lat' dir='ltr'>lirmet</span> <span class='ocrx_word' id='word_1_660' title='bbox 1334 4194 1377 4261; x_wconf 91' lang='lat' dir='ltr'>qui</span> <span class='ocrx_word' id='word_1_661' title='bbox 1393 4202 1452 4246; x_wconf 83' lang='lat' dir='ltr'>nuta</span> <span class='ocrx_word' id='word_1_662' title='bbox 1467 4208 1587 4249; x_wconf 87' lang='lat' dir='ltr'>snorum.</span> 
     </span>
    </p>
   </div>
   <div class='ocr_carea' id='block_1_25' title="bbox 909 4283 1692 4378">
    <p class='ocr_par' dir='ltr' id='par_1_53' title="bbox 909 4283 1692 4378">
     <span class='ocr_line' id='line_1_103' title="bbox 909 4283 1692 4378; baseline 0.019 -28"><span class='ocrx_word' id='word_1_663' title='bbox 909 4293 1021 4356; x_wconf 70' lang='lat' dir='ltr'><strong>CAPUT</strong></span> <span class='ocrx_word' id='word_1_664' title='bbox 1042 4297 1071 4352; x_wconf 81' lang='lat' dir='ltr'>V.</span> <span class='ocrx_word' id='word_1_665' title='bbox 1095 4283 1227 4367; x_wconf 81' lang='lat' dir='ltr'>Qnomudn</span> <span class='ocrx_word' id='word_1_666' title='bbox 1241 4321 1296 4357; x_wconf 81' lang='lat' dir='ltr'>erun</span> <span class='ocrx_word' id='word_1_667' title='bbox 1311 4308 1455 4376; x_wconf 78' lang='lat' dir='ltr'>purioribus</span> <span class='ocrx_word' id='word_1_668' title='bbox 1469 4311 1565 4378; x_wconf 86' lang='lat' dir='ltr'>positus</span> <span class='ocrx_word' id='word_1_669' title='bbox 1580 4312 1692 4372; x_wconf 85' lang='grc'><strong>1111111111</strong></span> 
     </span>
    </p>
   </div>
   <div class='ocr_carea' id='block_1_26' title="bbox 944 4368 1692 4502">
    <p class='ocr_par' dir='ltr' id='par_1_54' title="bbox 944 4368 1692 4502">
     <span class='ocr_line' id='line_1_104' title="bbox 944 4368 1692 4502; baseline 0.023 -85"><span class='ocrx_word' id='word_1_670' title='bbox 944 4370 1028 4502; x_wconf 49' lang='lat' dir='ltr'>:mii</span> <span class='ocrx_word' id='word_1_671' title='bbox 1047 4368 1146 4489; x_wconf 52' lang='lat' dir='ltr'>{filori</span> <span class='ocrx_word' id='word_1_672' title='bbox 1174 4373 1285 4443; x_wconf 85' lang='lat' dir='ltr'>episcopi</span> <span class='ocrx_word' id='word_1_673' title='bbox 1304 4376 1338 4428; x_wconf 83' lang='lat' dir='ltr'>od</span> <span class='ocrx_word' id='word_1_674' title='bbox 1357 4380 1447 4431; x_wconf 80' lang='lat' dir='ltr'>colunt</span> <span class='ocrx_word' id='word_1_675' title='bbox 1460 4380 1521 4447; x_wconf 76' lang='lat' dir='ltr'>[ceri</span> <span class='ocrx_word' id='word_1_676' title='bbox 1542 4382 1574 4433; x_wconf 84' lang='grc'>11</span> <span class='ocrx_word' id='word_1_677' title='bbox 1597 4383 1692 4452; x_wconf 84' lang='lat' dir='ltr'>unqclir</span> 
     </span>
     <span class='ocr_line' id='line_1_105' title="bbox 1005 4456 1080 4495; baseline 0.04 -3"><span class='ocrx_word' id='word_1_678' title='bbox 1005 4456 1059 4492; x_wconf 76' lang='lat' dir='ltr'>serr</span> <span class='ocrx_word' id='word_1_679' title='bbox 1072 4480 1080 4495; x_wconf 85' lang='lat'><strong>.</strong></span> 
     </span>
    </p>
   </div>
   <div class='ocr_carea' id='block_1_27' title="bbox 906 4525 1688 5514">
    <p class='ocr_par' dir='ltr' id='par_1_55' title="bbox 906 4525 1688 5514">
     <span class='ocr_line' id='line_1_106' title="bbox 943 4525 1605 4607; baseline 0.02 -28"><span class='ocrx_word' id='word_1_680' title='bbox 943 4525 1007 4582; x_wconf 88' lang='lat' dir='ltr'>llaec</span> <span class='ocrx_word' id='word_1_681' title='bbox 1022 4530 1101 4598; x_wconf 87' lang='lat' dir='ltr'>inter,</span> <span class='ocrx_word' id='word_1_682' title='bbox 1118 4540 1224 4587; x_wconf 86' lang='lat' dir='ltr'>teneros</span> <span class='ocrx_word' id='word_1_683' title='bbox 1240 4535 1307 4589; x_wconf 79' lang='lat' dir='ltr'>iretis</span> <span class='ocrx_word' id='word_1_684' title='bbox 1321 4536 1383 4591; x_wconf 92' lang='lat' dir='ltr'>dum</span> <span class='ocrx_word' id='word_1_685' title='bbox 1397 4537 1508 4592; x_wconf 89' lang='lat' dir='ltr'>collibus</span> <span class='ocrx_word' id='word_1_686' title='bbox 1522 4553 1605 4607; x_wconf 78' lang='lat' dir='ltr'>egrius</span> 
     </span>
     <span class='ocr_line' id='line_1_107' title="bbox 908 4618 1626 4703; baseline 0.017 -30"><span class='ocrx_word' id='word_1_687' title='bbox 908 4618 1042 4684; x_wconf 70' lang='lat' dir='ltr'>pasceret,</span> <span class='ocrx_word' id='word_1_688' title='bbox 1060 4636 1123 4679; x_wconf 87' lang='lat' dir='ltr'>ecce</span> <span class='ocrx_word' id='word_1_689' title='bbox 1137 4626 1199 4694; x_wconf 83' lang='lat' dir='ltr'>vigil</span> <span class='ocrx_word' id='word_1_690' title='bbox 1220 4628 1357 4682; x_wconf 84' lang='lat' dir='ltr'>nocturnis</span> <span class='ocrx_word' id='word_1_691' title='bbox 1367 4632 1450 4685; x_wconf 84' lang='lat' dir='ltr'>certrii</span> <span class='ocrx_word' id='word_1_692' title='bbox 1465 4631 1490 4685; x_wconf 92' lang='lat' dir='ltr'>in</span> <span class='ocrx_word' id='word_1_693' title='bbox 1507 4632 1626 4703; x_wconf 77' lang='lat' dir='ltr'>hymnis,</span> 
     </span>
     <span class='ocr_line' id='line_1_108' title="bbox 907 4710 1526 4790; baseline 0.015 -25"><span class='ocrx_word' id='word_1_694' title='bbox 907 4710 986 4782; x_wconf 89' lang='lat' dir='ltr'>ignea</span> <span class='ocrx_word' id='word_1_695' title='bbox 1002 4711 1115 4769; x_wconf 87' lang='lat' dir='ltr'>sidereis</span> <span class='ocrx_word' id='word_1_696' title='bbox 1128 4713 1277 4786; x_wconf 76' lang='lat' dir='ltr'>fulgescere</span> <span class='ocrx_word' id='word_1_697' title='bbox 1290 4728 1375 4775; x_wconf 87' lang='lat' dir='ltr'>castra</span> <span class='ocrx_word' id='word_1_698' title='bbox 1392 4722 1526 4790; x_wconf 81' lang='lat' dir='ltr'>maniplis,</span> 
     </span>
     <span class='ocr_line' id='line_1_109' title="bbox 907 4803 1596 4882; baseline 0.013 -24"><span class='ocrx_word' id='word_1_699' title='bbox 907 4803 994 4874; x_wconf 86' lang='lat' dir='ltr'>litque</span> <span class='ocrx_word' id='word_1_700' title='bbox 1008 4806 1074 4873; x_wconf 91' lang='lat' dir='ltr'>polis</span> <span class='ocrx_word' id='word_1_701' title='bbox 1086 4809 1208 4861; x_wconf 87' lang='lat' dir='ltr'>sanctum</span> <span class='ocrx_word' id='word_1_702' title='bbox 1224 4809 1309 4863; x_wconf 77' lang='lat' dir='ltr'>rutile</span> <span class='ocrx_word' id='word_1_703' title='bbox 1324 4825 1371 4877; x_wconf 90' lang='lat' dir='ltr'>per</span> <span class='ocrx_word' id='word_1_704' title='bbox 1383 4812 1478 4879; x_wconf 82' lang='lat' dir='ltr'>gandia</span> <span class='ocrx_word' id='word_1_705' title='bbox 1494 4828 1596 4882; x_wconf 78' lang='lat' dir='ltr'>purnpoe</span> 
     </span>
     <span class='ocr_line' id='line_1_110' title="bbox 906 4895 1688 4972; baseline 0.015 -22"><span class='ocrx_word' id='word_1_706' title='bbox 906 4895 988 4951; x_wconf 80' lang='lat' dir='ltr'>Ferre</span> <span class='ocrx_word' id='word_1_707' title='bbox 1001 4896 1128 4962; x_wconf 86' lang='lat' dir='ltr'>aninrsm,</span> <span class='ocrx_word' id='word_1_708' title='bbox 1143 4897 1276 4968; x_wconf 87' lang='lat' dir='ltr'>sociisque</span> <span class='ocrx_word' id='word_1_709' title='bbox 1296 4914 1375 4969; x_wconf 88' lang='lat' dir='ltr'>sopor</span> <span class='ocrx_word' id='word_1_710' title='bbox 1388 4915 1454 4970; x_wconf 87' lang='lat' dir='ltr'>qnos</span> <span class='ocrx_word' id='word_1_711' title='bbox 1467 4915 1597 4972; x_wconf 82' lang='lat' dir='ltr'>presserat</span> <span class='ocrx_word' id='word_1_712' title='bbox 1611 4903 1667 4960; x_wconf 80' lang='lat' dir='ltr'>init</span> <span class='ocrx_word' id='word_1_713' title='bbox 1681 4923 1688 4962; x_wconf 74' lang='grc' dir='ltr'>ε</span> 
     </span>
     <span class='ocr_line' id='line_1_111' title="bbox 907 4987 1636 5063; baseline 0.011 -21"><span class='ocrx_word' id='word_1_714' title='bbox 907 4987 980 5043; x_wconf 83' lang='grc'><strong>11111</strong></span> <span class='ocrx_word' id='word_1_715' title='bbox 998 4988 1087 5044; x_wconf 89' lang='lat' dir='ltr'>miseri</span> <span class='ocrx_word' id='word_1_716' title='bbox 1103 4988 1177 5044; x_wconf 90' lang='lat' dir='ltr'>leirto</span> <span class='ocrx_word' id='word_1_717' title='bbox 1191 4990 1337 5059; x_wconf 87' lang='lat' dir='ltr'>premimur</span> <span class='ocrx_word' id='word_1_718' title='bbox 1349 4993 1395 5063; x_wconf 88' lang='lat' dir='ltr'>qul</span> <span class='ocrx_word' id='word_1_719' title='bbox 1410 5001 1515 5062; x_wconf 82' lang='lat' dir='ltr'>pectora</span> <span class='ocrx_word' id='word_1_720' title='bbox 1533 5011 1636 5061; x_wconf 85' lang='grc'><strong>1111111,</strong></span> 
     </span>
     <span class='ocr_line' id='line_1_112' title="bbox 906 5078 1583 5148; baseline 0.007 -14"><span class='ocrx_word' id='word_1_721' title='bbox 906 5078 1023 5134; x_wconf 88' lang='lat' dir='ltr'>Cernere</span> <span class='ocrx_word' id='word_1_722' title='bbox 1038 5094 1088 5134; x_wconf 87' lang='lat' dir='ltr'>nec</span> <span class='ocrx_word' id='word_1_723' title='bbox 1098 5079 1205 5148; x_wconf 81' lang='lat' dir='ltr'>vigilum</span> <span class='ocrx_word' id='word_1_724' title='bbox 1228 5080 1345 5136; x_wconf 82' lang='lat' dir='ltr'>coelestin</span> <span class='ocrx_word' id='word_1_725' title='bbox 1362 5082 1428 5137; x_wconf 82' lang='lat' dir='ltr'>lecta</span> <span class='ocrx_word' id='word_1_726' title='bbox 1443 5098 1583 5139; x_wconf 89' lang='lat' dir='ltr'>meremur.</span> 
     </span>
     <span class='ocr_line' id='line_1_113' title="bbox 908 5169 1583 5241; baseline 0.009 -17"><span class='ocrx_word' id='word_1_727' title='bbox 908 5169 1020 5238; x_wconf 79' lang='lat' dir='ltr'>Pervigil</span> <span class='ocrx_word' id='word_1_728' title='bbox 1036 5183 1070 5223; x_wconf 91' lang='lat' dir='ltr'>en</span> <span class='ocrx_word' id='word_1_729' title='bbox 1087 5169 1192 5224; x_wconf 88' lang='lat' dir='ltr'>modico</span> <span class='ocrx_word' id='word_1_730' title='bbox 1204 5172 1335 5239; x_wconf 87' lang='lat' dir='ltr'>magnalia</span> <span class='ocrx_word' id='word_1_731' title='bbox 1350 5180 1493 5241; x_wconf 67' lang='lat' dir='ltr'>tempores</span> <span class='ocrx_word' id='word_1_732' title='bbox 1508 5176 1583 5230; x_wconf 81' lang='lat' dir='ltr'>crevi</span> 
     </span>
     <span class='ocr_line' id='line_1_114' title="bbox 907 5258 1569 5333; baseline 0.005 -20"><span class='ocrx_word' id='word_1_733' title='bbox 907 5260 989 5313; x_wconf 82' lang='lat' dir='ltr'>Tanta</span> <span class='ocrx_word' id='word_1_734' title='bbox 1006 5260 1070 5323; x_wconf 84' lang='lat' dir='ltr'>liei,</span> <span class='ocrx_word' id='word_1_735' title='bbox 1087 5258 1184 5313; x_wconf 86' lang='lat' dir='ltr'>bilores</span> <span class='ocrx_word' id='word_1_736' title='bbox 1200 5272 1282 5324; x_wconf 83' lang='lat' dir='ltr'>portae</span> <span class='ocrx_word' id='word_1_737' title='bbox 1296 5270 1447 5316; x_wconf 81' lang='lat' dir='ltr'>reserantur</span> <span class='ocrx_word' id='word_1_738' title='bbox 1460 5262 1569 5333; x_wconf 78' lang='lat' dir='ltr'>olympi,</span> 
     </span>
     <span class='ocr_line' id='line_1_115' title="bbox 907 5350 1477 5420; baseline 0 -13"><span class='ocrx_word' id='word_1_739' title='bbox 907 5352 1007 5407; x_wconf 89' lang='lat' dir='ltr'>inditur</span> <span class='ocrx_word' id='word_1_740' title='bbox 1019 5350 1136 5405; x_wconf 78' lang='grc'><strong>11111111</strong></span> <span class='ocrx_word' id='word_1_741' title='bbox 1152 5350 1211 5405; x_wconf 82' lang='lat' dir='ltr'>ielin</span> <span class='ocrx_word' id='word_1_742' title='bbox 1223 5367 1273 5419; x_wconf 87' lang='lat' dir='ltr'>qna</span> <span class='ocrx_word' id='word_1_743' title='bbox 1286 5351 1395 5420; x_wconf 86' lang='lat' dir='ltr'>spiritns</span> <span class='ocrx_word' id='word_1_744' title='bbox 1409 5354 1477 5407; x_wconf 83' lang='lat' dir='ltr'>aulae</span> 
     </span>
     <span class='ocr_line' id='line_1_116' title="bbox 908 5428 1593 5514; baseline 0.001 -14"><span class='ocrx_word' id='word_1_745' title='bbox 908 5443 1041 5514; x_wconf 78' lang='lat' dir='ltr'>drigelicis</span> <span class='ocrx_word' id='word_1_746' title='bbox 1056 5442 1197 5498; x_wconf 83' lang='lat' dir='ltr'>eumititus</span> <span class='ocrx_word' id='word_1_747' title='bbox 1210 5458 1302 5509; x_wconf 84' lang='lat' dir='ltr'>orans,</span> <span class='ocrx_word' id='word_1_748' title='bbox 1318 5444 1363 5514; x_wconf 87' lang='lat' dir='ltr'>qni</span> <span class='ocrx_word' id='word_1_749' title='bbox 1377 5445 1464 5500; x_wconf 85' lang='lat' dir='ltr'>sidera</span> <span class='ocrx_word' id='word_1_750' title='bbox 1480 5428 1593 5501; x_wconf 85' lang='lat' dir='ltr'>iiarnmit</span> 
     </span>
    </p>
   </div>
   <div class='ocr_carea' id='block_1_28' title="bbox 942 5615 1167 5681">
    <p class='ocr_par' dir='ltr' id='par_1_56' title="bbox 942 5615 1167 5681">
     <span class='ocr_line' id='line_1_117' title="bbox 942 5615 1167 5681; baseline 0.009 -14"><span class='ocrx_word' id='word_1_751' title='bbox 942 5615 955 5653; x_wconf 70' lang='lat' dir='ltr'>b</span> <span class='ocrx_word' id='word_1_752' title='bbox 977 5616 1002 5667; x_wconf 78' lang='grc'>111</span> <span class='ocrx_word' id='word_1_753' title='bbox 1016 5623 1066 5681; x_wconf 80' lang='lat' dir='ltr'>est,</span> <span class='ocrx_word' id='word_1_754' title='bbox 1080 5615 1167 5669; x_wconf 82' lang='lat' dir='ltr'>eiecto.</span> 
     </span>
    </p>
   </div>
   <div class='ocr_carea' id='block_1_29' title="bbox 870 5686 1181 5750">
    <p class='ocr_par' dir='ltr' id='par_1_57' title="bbox 870 5686 1181 5750">
     <span class='ocr_line' id='line_1_118' title="bbox 870 5686 1181 5750; baseline 0.023 -19"><span class='ocrx_word' id='word_1_755' title='bbox 870 5728 871 5731; x_wconf 76' lang='grc'><strong>,</strong></span> <span class='ocrx_word' id='word_1_756' title='bbox 945 5697 954 5723; x_wconf 73' lang='lat'><em>²</em></span> <span class='ocrx_word' id='word_1_757' title='bbox 976 5686 1001 5737; x_wconf 93' lang='lat' dir='ltr'>ld</span> <span class='ocrx_word' id='word_1_758' title='bbox 1017 5693 1068 5748; x_wconf 82' lang='lat' dir='ltr'>est,</span> <span class='ocrx_word' id='word_1_759' title='bbox 1083 5686 1181 5750; x_wconf 71' lang='lat' dir='ltr'>asperi.</span> 
     </span>
    </p>
   </div>
   <div class='ocr_carea' id='block_1_30' title="bbox 0 0 1911 6116">
    <p class='ocr_par' dir='ltr' id='par_1_58' title="bbox 0 0 1911 6116">
     <span class='ocr_line' id='line_1_119' title="bbox 0 0 1911 6116; baseline 0 0"><span class='ocrx_word' id='word_1_760' title='bbox 0 0 1911 6116; x_wconf 95' lang='lat' dir='ltr'> </span> 
     </span>
    </p>
   </div>
  </div>
 </body>
</html>
