3802 6126
118 260 155 319 13
497 261 592 320 SECT.
614 262 635 319 l.
656 261 817 320 tinttttnn.
837 294 872 305 -
890 265 953 319 tin.
975 266 994 321 l.
1016 264 1100 323 linit.
1121 266 1296 324 GENUlNAE.
1710 271 1743 326 li

119 375 294 448 cupiscentiae
305 374 423 432 carnalis
434 375 603 444 temperarit,
612 375 790 432 emundarlta
801 376 907 432 deside·
921 377 946 436 d
960 385 1047 431 autem
1072 375 1224 447 hujusmodi
1247 375 1400 447 conjunctio
1422 377 1502 434 etiarn
1518 382 1658 437 recentiori
1671 392 1741 439 tern-

119 471 169 525 riis
180 467 386 538 temporalibus,
399 481 431 522 ac
442 466 521 522 donis
536 468 692 523 celestibus
702 477 820 524 merrtem
830 466 908 523 slmul
962 481 1026 535 pore
1041 466 1110 534 beri,
1122 469 1190 523 datis
1205 479 1315 538 nuptum
1331 468 1437 524 leminis
1448 470 1482 527 do
1495 472 1566 527 tribu
1593 472 1621 528 iu
1634 474 1743 543 tribum,

121 561 196 615 iilius
207 558 388 627 consecrarit,
403 567 432 613 et
444 572 552 623 corpus.
578 556 692 627 ideoque
703 567 727 612 et
740 558 808 626 puori
820 574 910 613 nosce·
961 572 990 617 ut
1002 563 1143 620 irranileste
1158 564 1261 620 beanm
1284 564 1332 620 bei
1346 565 1525 635 genitricem,
1547 582 1606 638 quc
1625 567 1659 624 dc
1674 569 1744 625 triba

122 662 164 705 ιιι
181 667 215 705 ear
234 661 260 705 te
276 660 404 713 torrerent,
420 651 553 704 uocabitur
568 649 654 705 Filios
670 650 740 706 Dei:
762 651 825 721 quia
839 648 909 720 quud
962 653 1035 722 regia
1049 652 1204 720 descendit,
1218 670 1279 709 cum
1293 654 1361 709 tribu
1379 656 1538 712 sacerdotati
1557 658 1744 729 cognationem

120 743 157 798 dc
175 743 391 798 sanctificatione
411 741 526 812 Spiritus
548 744 702 813 concipies,
729 753 849 799 sanctum
861 745 912 799 erit
961 742 1068 811 generis
1092 743 1219 800 babuisse
1242 755 1386 813 constaret,
1402 748 1472 815 quod
1484 747 1641 806 ministeriis
1657 750 1748 808 bete·-

123 831 197 901 tpuod
217 831 345 901 gignitur.
374 830 503 903 Congruit
525 835 695 902 conceptioni
719 835 858 902 riariritas,
883 844 912 891 ut
963 832 1074 886 lestibns
1099 833 1237 901 aptissime
1264 837 1397 903 conponit.
1420 836 1566 903 Oportebat
1581 854 1697 910 tranique
1716 848 1747 897 ut

123 936 186 990 uuas
202 933 296 976 corrrra
316 922 439 977 bumanar
458 922 619 978 conditionis
640 939 741 979 morcnr
763 924 913 993 rirgocoa·
962 934 1096 989 apparens
1118 923 1145 977 in
1170 924 1269 979 nrundo
1291 925 1422 981 mediator
1443 926 1490 982 bei
1511 937 1538 984 et
1561 928 1699 985 bominum
1713 931 1747 988 de

124 1013 208 1080 cipis,
225 1028 302 1083 supra
318 1015 442 1070 irumnnae
459 1017 661 1072 consuetudinis
683 1017 793 1072 modum
806 1017 854 1072 [roi
870 1018 912 1073 tot.
964 1023 1079 1081 utraque
1100 1012 1168 1066 tribu
1192 1014 1282 1069 cornis
1303 1014 1434 1084 origlncm
1456 1016 1577 1084 liaberet,
1592 1020 1654 1089 quia
1668 1018 1749 1075 ninii·

124 1102 194 1157 liurn
209 1118 331 1172 generes.
351 1104 451 1159 ilrrmes
470 1106 568 1176 nnippc
587 1108 709 1163 lromines
728 1108 753 1161 ln
776 1107 914 1175 iniquitate
964 1116 1022 1154 nnn
1037 1100 1095 1170 ipre
1109 1102 1137 1156 in
1155 1101 1319 1160 bumanitatc
1333 1117 1468 1174 assumpta
1484 1115 1623 1178 utrarnqne
1644 1110 1750 1166 babitu·

125 1192 303 1259 concipimur,
327 1202 354 1247 ct
364 1193 392 1248 in
403 1192 507 1249 delictis
519 1198 671 1251 nascimur:
688 1208 815 1268 quotquot
826 1210 915 1254 aurem
967 1206 1012 1246 ¹¹¹⁸
1026 1201 1084 1254 etii
1099 1206 1259 1263 persidam,
1274 1197 1420 1250 sacerdotis
1439 1197 1541 1254 scilicet
1554 1210 1582 1255 ei
1601 1201 1681 1271 regis.
1703 1201 1751 1259 st·

125 1282 246 1336 donante
260 1281 316 1338 lieo
331 1282 364 1338 ad
380 1282 459 1338 ritant
474 1284 647 1354 preordinati
667 1303 759 1343 surons
772 1299 912 1357 aeternam,
965 1282 1073 1350 (ididem
1089 1283 1122 1338 dc
1146 1283 1218 1354 “83³
1231 1284 1290 1354 ejus
1305 1297 1451 1356 potestate,
1465 1305 1517 1359 lidii
1530 1292 1623 1346 ellidii
1636 1292 1691 1349 tuit
1706 1309 1751 1350 ru·

125 1388 158 1425 cx
184 1387 253 1441 aqua
279 1380 307 1427 et
325 1372 420 1442 spiritu
441 1389 535 1431 sanctu
556 1378 731 1433 renascimur.
754 1378 834 1434 Solus
850 1396 915 1436 uero
966 1388 1047 1442 ddum
1070 1388 1188 1442 beliilde
1209 1376 1320 1442 illidii·
1343 1389 1499 1448 illimem
1514 1383 1599 1438 indicii
1612 1383 1750 1455 Ei'itngelii

126 1464 294 1533 liedernptor
308 1473 400 1520 noster
410 1481 459 1535 pro
470 1467 549 1523 nobis
560 1469 694 1524 incarnari
709 1469 844 1539 dignatus,
854 1485 916 1526 mox
966 1462 1046 1517 Ιθθῑῑυ
1071 1472 1206 1519 ¹⁰⁵¹³⁸¹¹¹²
1227 1466 1290 1535 nula
1314 1469 1437 1536 ‘edibili‘
1460 1469 1487 1524 id
1512 1470 1593 1526 (¹⁰¹¹i0
1622 1473 1704 1529 lamb
1723 1477 1751 1531 in

126 1567 238 1609 sanctos
261 1567 340 1609 natus
362 1566 422 1612 esi:
446 1559 508 1626 cirria
530 1560 590 1615 sine
611 1560 752 1629 iniquitate
769 1569 917 1630 conceptus
968 1562 1109 1619 diiiildffl.
1121 1567 1148 1609 ei
1162 1556 1236 1624 fetidi
1251 1556 1309 1626 iius
1324 1562 1438 1614 odilerii
1452 1561 1523 1616 linia·
1537 1563 1621 1618 Porto
1635 1565 1668 1620 de
1686 1580 1754 1635 pon·

126 1654 171 1698 est
186 1654 210 1699 ⁸.
224 1645 373 1701 Primurnus
394 1662 460 1702 sane
473 1647 499 1702 in
522 1663 556 1705 eo
569 1650 640 1720 quod
659 1650 768 1716 dicitnr,
785 1650 816 1705 Et
830 1651 916 1705 uirtus
969 1641 1058 1696 ‘mciii
1073 1643 1131 1712 ⁰1⁰⁸
1148 1643 1287 1714 dividisti,
1303 1647 1330 1701 ¹¹¹
1344 1664 1396 1716 nna
1410 1664 1458 1718 l>ro
1468 1665 1559 1707 ΜΝ
1571 1653 1754 1723 redemptione

126 1733 263 1789 Airissinri
276 1735 447 1791 obumbrabit
465 1736 526 1804 ribi,
549 1739 914 1808 strinsqniddamnesacra.
930 1715 954 1777 Β
968 1731 1081 1788 bustiam
1105 1750 1161 1790 snae
1185 1735 1273 1792 carnis
1296 1736 1394 1794 oiicrre
1417 1740 1540 1810 dignatus
1564 1752 1616 1811 est,
1642 1753 1755 1801 testatur

126 1834 221 1878 rnento
245 1825 392 1881 bonrirricrc
414 1826 606 1883 incarnationis
631 1829 791 1900 intelligere.
816 1831 915 1885 tiburn-
970 1828 1111 1898 Propbcta,
1125 1831 1170 1899 qui
1183 1831 1220 1885 ait
1234 1849 1240 1883 :
1256 1829 1295 1884 To
1309 1848 1336 1886 er
1350 1836 1469 1888 sacerdot
1485 1835 1512 1888 ia
1526 1843 1650 1890 oeterirrrm
1663 1852 1754 1890 escon·

128 1916 201 1969 brari
216 1917 288 1970 eninr
310 1918 388 1971 nobis
400 1915 517 1974 dicimus
534 1933 609 1985 curo,
631 1917 752 1976 leruerrtc
767 1921 916 1977 meridiano
967 1922 1028 1974 drrm
1043 1923 1158 1975 ordinem
1182 1920 1369 1977 llelclriredeeir
1391 1921 1548 1994 (Psalmi).
1577 1928 1693 1994 Accepta
1708 1942 1755 1982 an·

128 2009 199 2073 sole,
214 2007 255 2062 rei
269 2007 394 2063 arborem
408 2008 543 2078 mediam,
558 2010 601 2065 rel
621 2011 690 2065 aliud
706 2011 842 2080 quodlibet
857 2027 916 2067 um·
968 2025 1021 2069 tem
1037 2023 1108 2069 tanta
1129 2015 1235 2084 gratia,
1259 2016 1397 2071 rideamus
1421 2016 1498 2072 beata
1521 2018 1605 2073 llaria
1617 2018 1644 2074 in
1655 2029 1754 2090 quanta

131 2101 235 2155 braouli
257 2114 345 2168 genus
368 2100 438 2156 inter
461 2117 510 2157 nos
532 2111 560 2159 et
582 2103 665 2159 solem
680 2103 916 2174 opponimus,ono
970 2104 1129 2159 bunriliraris
1144 2121 1205 2161 arce
1219 2105 1354 2175 persistat.

129 2192 253 2246 ardore·
269 2191 330 2262 rjus
344 2193 388 2248 rel
403 2193 491 2248 lucem
507 2193 584 2249 uobis
597 2194 803 2250 tolerabiliorem
818 2195 918 2251 redda-
1002 2193 1078 2262 licre,
1105 2196 1199 2264 intonit,
1223 2195 1320 2251 orrcr'ilo
1342 2194 1458 2263 Domini,
1474 2199 1521 2268 pot
1538 2199 1602 2253 milri
1615 2203 1756 2261 recondatur

131 2299 203 2340 nine,
230 2285 394 2355 Redemptor
416 2302 481 2356 ergo
502 2299 593 2343 noster
617 2303 670 2342 non
694 2287 829 2343 irrrrncriro
850 2287 917 2344 solie
968 2282 1070 2337 retinen
1095 2293 1176 2338 lunen.
1199 2285 1319 2354 Magnam
1343 2287 1442 2356 quippe
1458 2288 1757 2349 ltitniiliialiscnnsiall·

130 2376 192 2430 lure
208 2377 248 2432 rel
264 2377 360 2432 ardore
377 2376 547 2446 designatur,
561 2378 604 2446 qui
633 2393 682 2432 rios
697 2378 815 2432 veritatis
829 2376 917 2432 scicn-
968 2373 1031 2428 tiam
1047 2383 1129 2439 tenet,
1145 2389 1205 2443 qnae
1219 2389 1249 2429 se
1263 2375 1388 2429 ani-illurn
1402 2378 1444 2431 sul
1459 2378 1607 2435 condituris
1621 2382 1684 2437 dum
1700 2398 1756 2440 rua·

128 2467 167 2522 tia
180 2468 296 2522 illustrat
309 2478 337 2523 et
350 2482 443 2523 amore
458 2467 619 2533 irrllummar;
636 2468 705 2522 unde
718 2471 833 2537 ipseper
848 2482 917 2538 pro-
968 2473 1009 2519 ter
1031 2462 1149 2535 eligitur,
1172 2465 1300 2535 appellat.
1317 2467 1397 2521 lleata
1413 2470 1440 2521 iu
1455 2467 1616 2526 mulieribus
1635 2474 1758 2543 angelico

127 2561 244 2631 phetam
267 2559 331 2614 dicit
347 2579 354 2613 z
368 2559 447 2614 Vobis
466 2571 551 2613 antem
567 2559 712 2615 timentibus
725 2575 818 2614 nomon
834 2576 917 2614 metim
967 2552 1075 2608 oraculo
1089 2554 1263 2624 praedicatur,
1279 2557 1413 2627 ilrcbgnilit
1433 2558 1521 2614 adbuc
1539 2560 1645 2616 coeietis
1658 2571 1757 2618 mrrt‘lil·

129 2654 232 2705 mem
244 2651 285 2705 ,nt
297 2650 406 2723 jandin
425 2649 555 2720 (briaen,
569 2650 617 2720 ιι).
643 2651 725 2719 Cujus
736 2651 838 2705 sordent
851 2651 917 2707 solio
969 2643 1039 2700 libus
1054 2660 1151 2699 arcana
1167 2654 1267 2701 nostrae
1282 2647 1476 2717 redemptionis
1487 2647 1653 2706 edocentur:
1667 2667 1716 2709 ucc
1728 2668 1758 2711 se

128 2745 223 2798 „ppos
239 2745 314 2798 pem
330 2742 409 2812 virgo
422 2743 554 2809 suscepti,
576 2742 682 2810 qnando
696 2740 837 2796 nominum
852 2756 918 2797 θοι..
969 2745 1057 2791 tannen
1071 2737 1106 2792 de
1120 2736 1306 2808 singularitate
1320 2739 1410 2794 meriti
1425 2741 1625 2798 excellentioris
1639 2744 1756 2815 singula·

128 2832 212 2900 repit.
239 2831 293 2886 Sed
320 2830 390 2886 idenr
406 2830 458 2897 sol,
475 2829 573 2895 idest,
593 2830 719 2884 diuinitas
732 2830 917 2899 liedemproris
967 2825 1033 2882 riter
1053 2827 1170 2895 extollit,
1194 2828 1242 2883 sed
1259 2829 1346 2898 potius
1362 2845 1418 2886 suar
1435 2833 1598 2889 conditionis
1616 2849 1648 2891 ac
1661 2837 1758 2893 divine

131 2922 231 2989 nostri,
246 2914 383 2992 tegumine
402 2934 432 2975 se
451 2921 574 2974 bunione
601 2928 702 2974 naturae
718 2919 794 2988 quasi
809 2918 917 2974 umbra·
967 2919 1129 2988 dignationis
1141 2919 1166 2973 in
1180 2920 1303 2975 omnibus
1315 2936 1428 2992 mernor,
1443 2923 1602 2980 lanrnlarurn
1617 2943 1648 2983 se
1658 2929 1757 2985 cbrittl

130 3017 193 3070 crdo
211 3015 327 3084 quodam
353 3013 475 3076 obtcsit,
498 3027 550 3082 quo
575 3011 709 3068 mediante
731 3010 914 3080 l’irginiseuta
968 3013 1106 3069 consortio
1131 3012 1266 3068 bumiliter
1292 3013 1433 3085 adjungit,
1463 3014 1621 3074 larrrularurn
1647 3019 1758 3076 Cirristo

130 3108 234 3162 viscera
258 3105 334 3161 icrrc
357 3104 539 3160 suillccrent:
567 3105 659 3171 sicone
678 3103 763 3158 uirtus
784 3100 915 3156 ditissimi
931 3060 954 3123 c
969 3104 1063 3158 devota
1086 3102 1158 3173 quiid
1183 3102 1301 3171 jubetur,
1328 3104 1468 3175 impendit.
1485 3107 1554 3174 Fiat,
1579 3108 1676 3181 inquit,
1692 3112 1757 3168 mibi

130 3195 302 3253 obumbravit
315 3195 361 3261 ei,
386 3195 450 3270 duni
464 3194 554 3250 divina
574 3192 673 3249 Cirrisii
689 3194 804 3261 putentia
817 3200 845 3247 el
858 3206 916 3246 earu
967 3196 1115 3250 secumdum
1141 3195 1251 3251 uerbum
1276 3205 1361 3265 rnum,
1389 3198 1435 3254 irat
1457 3212 1487 3254 ut
1509 3201 1625 3272 Spiritus
1649 3217 1758 3263 mactus

131 3289 338 3360 prae=errtiaiiter
352 3287 485 3356 impleuit,
502 3293 530 3341 et
543 3296 571 3339 nt
582 3285 640 3354 capi
650 3285 684 3339 ab
695 3285 739 3339 illa
754 3295 845 3354 posset
854 3285 918 3339 sub·
968 3284 1114 3341 adrcniens
1135 3301 1178 3342 arc
1196 3287 1349 3343 coelostibus
1369 3289 1475 3359 digrranr
1497 3296 1632 3364 trrysteriis
1653 3296 1757 3364 reddar,

132 3386 268 3440 iniuriare
282 3394 381 3438 nostrat
395 3380 544 3450 fragilitatis
557 3379 733 3434 obnubilavit.
969 3378 1015 3430 liat
1030 3387 1058 3430 ut
1079 3376 1106 3430 in
1131 3391 1191 3432 meo
1207 3387 1283 3433 utero
1297 3377 1379 3434 Filius
1395 3379 1442 3435 bei
1458 3380 1581 3439 lrurnanre
1601 3386 1758 3442 substantie

168 3474 201 3529 Ει
211 3471 413 3530 resolidantem
423 3479 532 3541 cognato
542 3480 598 3535 too,
613 3476 636 3522 et
646 3469 826 3537 ipsoconcepr't
836 3467 919 3537 pilium
968 3465 1088 3521 habitum
1105 3467 1209 3535 induat,
1223 3477 1304 3538 atque
1319 3470 1351 3524 arl
1368 3470 1579 3540 redemptionem
1595 3476 1686 3532 mundi
1702 3489 1759 3533 tatu·

134 3568 161 3622 in
184 3575 312 3621 maeotide
329 3581 388 3618 ruo.
416 3562 475 3617 llnn
499 3563 574 3630 quusi
601 3560 763 3615 incredulam
788 3560 919 3631 exemplis
969 3574 1047 3628 quarn
1059 3573 1173 3629 sponsus
1186 3575 1234 3615 suo
1247 3560 1373 3630 procedat
1384 3562 1418 3616 de
1431 3563 1560 3620 tlralamo.
1572 3566 1654 3637 Cujus
1665 3583 1758 3623 rocem

135 3660 256 3714 noratur
278 3658 312 3712 ad
336 3655 430 3721 iidem,
455 3658 546 3710 sedut
568 3655 636 3708 bene
651 3651 843 3723 jarncreuemi
859 3670 920 3724 grim
970 3661 1139 3720 rnerrtennpuc
1169 3667 1236 3720 nos,
1261 3654 1358 3708 lratrcs
1381 3653 1550 3722 clrarlssinri,
1575 3672 1624 3725 pro
1648 3658 1757 3715 urodulo

137 3750 269 3816 audierat,
284 3747 413 3818 ampliora
429 3758 554 3814 superne
568 3744 774 3813 dispensationis
789 3744 919 3800 miracula
970 3754 1062 3797 nostro
1075 3752 1231 3812 soquentes,
1246 3743 1359 3799 lamulos
1369 3759 1429 3801 csse
1443 3760 1493 3801 nos
1506 3747 1603 3804 Christi
1617 3750 1644 3804 in
1655 3754 1758 3808 cunctis

135 3839 255 3911 replicat,
271 3849 299 3894 ut
310 3853 370 3909 quae
384 3836 528 3892 Dominum
542 3836 617 3905 uirgo
631 3845 689 3889 erat
704 3836 834 3903 paritura,
849 3849 919 3904 prae·
969 3830 1073 3886 actibus
1096 3830 1195 3886 nostris
1216 3830 1386 3903 motibusque
1399 3835 1561 3905 recolamus,
1577 3839 1637 3909 ejus
1651 3857 1760 3910 sernper

134 3944 272 3985 cursorem
287 3942 394 3999 quodue
409 3926 513 3981 bunriui
535 3925 570 3981 de
593 3941 645 3981 anu
668 3941 700 3982 ac
714 3925 759 3981 diu
774 3925 859 3983 sterili
874 3942 920 3996 pa·
969 3924 1106 3993 obsequiis
1121 3923 1210 3977 orrrnia
1230 3926 1351 3994 corporis
1373 3926 1459 3981 nostri
1480 3928 1602 3986 membra
1621 3933 1758 4002 mancipe-

134 4031 397 4090 rcntecognuscerct
412 4035 473 4076 esse
493 4019 667 4074 nasciturum.
700 4018 753 4075 lieo
768 4019 919 4076 mirandum
970 4030 1039 4080 runs,
1055 4015 1089 4070 ad
1104 4013 1163 4084 ejus
1181 4013 1345 4084 implendam
1366 4014 1532 4073 rolurrtateru
1555 4028 1639 4077 tutum
1660 4023 1759 4080 urentis

132 4111 205 4180 juna
220 4110 372 4177 nestoriam,
387 4108 458 4180 quod
472 4108 920 4178 elinancioeogrrsiautcarurlta-
971 4116 1069 4159 inostro
1097 4105 1244 4174 dirigamus
1269 4104 1521 4178 ininirun:sthnc
1543 4111 1676 4181 percepns
1699 4112 1758 4184 eim

134 4199 193 4266 rire,
206 4215 268 4254 curn
283 4197 409 4270 superius
419 4199 477 4253 bruc
487 4198 521 4253 de
535 4196 616 4252 dotno
631 4197 725 4266 David,
742 4198 787 4252 illa
801 4197 836 4255 de
850 4198 919 4254 ntta-
971 4197 1127 4252 rnuncribns
1151 4198 1252 4266 gratias
1274 4211 1346 4252 recrc
1371 4198 1484 4254 nitendo
1506 4200 1659 4272 reddamus,
1684 4215 1712 4262 ut
1723 4209 1758 4265 ad

132 4290 182 4345 bus
207 4294 297 4344 daron
320 4299 379 4343 urta
402 4303 464 4344 esse
487 4299 622 4343 narratur.
657 4288 782 4358 legimus
805 4304 919 4360 iramque
971 4287 1071 4356 majora
1085 4286 1343 4358 percipicndadigni
1358 4291 1646 4348 er'stercmercanrur.
1662 4293 1758 4353 Prece-

133 4379 202 4447 nuod
216 4378 275 4447 ipss
288 4379 379 4435 Aaron
394 4378 510 4434 detribu
523 4377 611 4445 ludu,
635 4379 669 4433 de
682 4393 732 4448 qua
746 4379 828 4433 barid
843 4387 918 4434 ortus
933 4400 959 4458 Ι)
972 4392 1032 4432 mur
1045 4377 1131 4432 seduli
1153 4392 1214 4431 curn
1234 4376 1312 4433 beata
1340 4380 1386 4433 bei
1408 4380 1537 4447 genitrice
1560 4388 1588 4433 ut
1612 4383 1657 4438 dat
1679 4386 1759 4445 uobis

132 4479 191 4533 est,
218 4484 330 4525 errorem
354 4469 505 4539 acceperit,
528 4467 655 4524 uidelicet
674 4468 811 4525 Elisabeth
835 4469 918 4525 llliarn
972 4467 1121 4521 secundnm
1139 4467 1333 4537 rerbunrcjns,
1348 4469 1412 4523 iliud
1427 4469 1553 4526 uidelicet
1568 4474 1758 4547 verbumque

132 4559 332 4627 nnrruinadab,
349 4573 470 4615 sororem
493 4558 619 4626 liaason,
640 4561 684 4626 nuri
701 4561 749 4614 init
766 4560 820 4614 dux
837 4562 921 4616 rribnr
974 4556 1109 4610 rationein
1133 4571 1188 4611 snm
1210 4557 1401 4613 incarnationis
1421 4557 1479 4628 ipsc
1500 4575 1648 4629 exponens,
1672 4564 1755 4618 dicit:

131 4649 201 4704 iuda
226 4650 253 4704 irr
279 4649 400 4717 usserio,
429 4663 491 4705 ento
519 4649 713 4719 egrederentur
736 4664 770 4706 ex
791 4649 919 4723 AEggpto.
972 4649 1017 4704 Sic
1031 4652 1098 4706 enim
1110 4651 1200 4703 dilexit
1214 4649 1283 4705 iletre
1294 4652 1427 4717 mundana,
1444 4661 1472 4705 rrt
1486 4654 1642 4722 rrrrigenitrrnr
1657 4653 1757 4712 Filierrt

132 4743 291 4808 noerosque
303 4739 480 4810 regirarrtibus
490 4738 574 4795 bario
585 4740 834 4810 portcrislcgimus,
849 4742 920 4809 quod
970 4761 1048 4798 snum
1062 4747 1143 4809 duret,
1159 4755 1186 4797 rit
1201 4745 1284 4798 conde
1296 4745 1340 4814 poi
1353 4743 1433 4797 credit
1455 4747 1482 4797 r'rr
1500 4744 1595 4815 iprum,
1620 4764 1671 4802 nori
1695 4766 1756 4818 per-

131 4831 228 4886 luiatla
249 4830 371 4901 pontilea
388 4831 519 4887 niaximut
541 4846 652 4886 ntorcm
667 4829 790 4886 babuerit
803 4831 837 4886 dc
850 4834 921 4890 tribu
971 4844 1024 4899 eor,
1043 4835 1089 4886 sed
1107 4835 1198 4887 incisor
1211 4832 1288 4886 cirum
1302 4845 1422 4886 arternum
1437 4832 1528 4905 (loun.
1543 4834 1595 4907 ιιι).
1612 4835 1666 4893 licc
1678 4838 1756 4895 dubi·

132 4924 236 4995 regaii,
257 4924 309 4979 boc
323 4933 381 4988 est,
404 4921 643 4986 inrationalium
660 4924 729 4990 regis
744 4921 845 4977 loram.
862 4924 921 4993 lpse
972 4925 1081 4977 tandum
1094 4923 1156 4993 quin
1173 4938 1222 4976 nos
1233 4922 1266 4977 de
1278 4922 1415 4990 profundis
1428 4923 1462 4978 ad
1475 4938 1505 4978 se
1519 4924 1665 4984 clamantes
1678 4928 1755 4985 einos

132 5028 174 5075 est
187 5016 293 5085 ioiada,
307 5014 386 5084 cujus
398 5015 481 5071 dlium
495 5014 652 5070 Zachariam
668 5017 753 5069 uirum
767 5029 842 5085 aque
859 5029 922 5071 san-
973 5014 1100 5069 esandire
1112 5011 1275 5082 dignabitur,
1293 5024 1401 5081 propter
1413 5029 1480 5083 quus
1493 5017 1604 5072 nccdunr
1618 5032 1647 5073 sc
1657 5034 1756 5089 cogno·

130 5106 283 5164 ocissimum
297 5106 485 5176 lapidaverunt
500 5107 568 5162 inter
581 5106 710 5174 templum
721 5115 749 5160 et
759 5107 853 5172 altare,
864 5106 919 5161 sic·
969 5114 1094 5169 scentes,
1122 5104 1179 5173 ipse
1201 5103 1234 5157 ad
1259 5104 1416 5171 prolundarn
1432 5104 1500 5161 banc
1515 5106 1609 5162 rallcnr
1624 5108 1756 5180 lacryma-

130 5208 163 5255 ut
185 5197 267 5254 οιίιιιι
292 5196 349 5267 ipsc
372 5195 502 5252 bortrinns
524 5196 663 5252 beatorum
679 5203 826 5263 nrartyrum
845 5209 920 5251 nieu-
972 5211 1029 5248 rurn
1053 5193 1221 5250 descendere
1244 5195 1368 5264 dignatus
1386 5208 1426 5250 est
1439 5197 1516 5252 iesus
1530 5199 1651 5255 cbristus
1666 5202 1755 5258 bonsi-

130 5291 234 5344 iiuncm
258 5286 360 5344 iaciens
383 5290 410 5343 in
435 5287 580 5359 Erarrgelio
596 5294 719 5343 testatur.
746 5284 820 5341 liade
835 5287 920 5344 tribue
970 5301 1020 5341 niis
1037 5297 1137 5351 noster,
1154 5287 1199 5355 qui
1214 5286 1280 5340 nirit
1291 5298 1318 5341 et
1333 5296 1425 5357 regnat
1439 5303 1498 5342 curn
1519 5289 1597 5345 Patre
1611 5291 1636 5345 in
1652 5293 1755 5350 unitate

132 5392 263 5451 utraque,
275 5379 328 5437 boc
348 5390 400 5450 cst,
424 5381 497 5450 regia
520 5390 548 5436 ct
560 5378 750 5444 sacerdotalis,
761 5379 920 5448 cognatione
970 5378 1087 5444 Spiritus
1116 5377 1202 5433 sancti
1214 5378 1299 5445 bens,
1317 5395 1365 5448 per
1374 5380 1463 5435 omnia
1474 5382 1571 5437 saeculn
1584 5382 1755 5441 saeculorum.

130 5489 241 5543 semper
259 5472 409 5528 adinvicem
429 5472 558 5542 probatur
578 5472 804 5539 esseconjuncta.
831 5469 920 5526 l‘otuit
969 5472 1065 5526 durren.

169 5616 182 5641 ·
204 5602 273 5659 Cori.
294 5606 327 5660 Α.
353 5605 419 5662 btnt.
442 5607 539 5662 Arsen.
564 5603 649 5659 Paris.
673 5603 734 5658 add.
749 5621 755 5656 :
772 5601 856 5657 Filios
872 5602 920 5658 net
969 5610 1162 5668 conceptorem.

133 5688 212 5730 antur
231 5684 267 5729 ert
279 5716 287 5741 ,
301 5677 371 5745 prtia,
392 5686 511 5749 operante
530 5673 629 5746 Spiritu
651 5689 749 5742 corroso,
766 5677 797 5728 dc
815 5673 918 5745 Virgine
1004 5675 1016 5713 l
1035 5673 1101 5728 Curi.
1117 5682 1162 5740 lt„
1175 5673 1312 5742 rapteriir.
