3802 6126
169 282 217 337 ιιι
508 281 613 340 aanor
635 281 862 338 tasuttamtts
884 278 961 337 our.
982 278 1070 339 muts
1090 282 1131 338 ιιι.
1152 314 1188 325 -
1208 284 1444 345 rtomsattct.

1759 291 1813 347 iila

170 396 347 452 breviatorem
368 394 541 466 conjrrnctum
557 395 652 458 Lucas,
668 394 738 450 sicot
757 395 874 451 llarcum
893 393 960 448 diat·
975 392 1121 450 dcarrtcm
1136 398 1304 466 portantibus
1318 399 1436 456 tradidit.
1464 400 1499 455 ttt
1513 414 1577 457 tero
1590 400 1711 462 loannes
1725 420 1810 477 supra

168 486 266 552 tinette,
278 497 305 541 et
315 487 365 542 boc
377 486 446 543 iorte
458 502 510 542 oon
526 488 583 541 sine
596 486 686 556 aliquo
701 497 882 549 sacramento,
896 486 958 555 quia

169 593 260 645 regum
275 588 316 631 est
337 592 389 631 non
410 592 468 632 esse
491 577 550 632 eine
565 577 692 632 cornitnm
716 577 856 644 obsequio.
880 576 958 633 Unde

168 670 214 724 itte
227 669 270 739 qui
286 668 385 739 regiano
402 684 542 737 personam
566 667 664 723 Christi
680 668 840 724 narrandam
866 683 958 724 susce·

169 771 253 826 rocrat.
269 761 360 817 babuit
384 763 435 818 sibi
460 771 585 830 tnnqttam
599 762 723 818 contritem
739 762 896 832 adjunctum
910 763 956 833 qrri

166 868 214 908 soa
226 854 538 924 vestigiaquodamnrotlo
546 868 713 925 sequeretur.
722 856 855 914 Sacerdos
866 867 956 912 autem

165 946 289 1015 quoniam
302 946 327 999 in
338 955 428 1002 sancta
437 951 672 1004 sanctoromsotus
680 949 807 1019 intrabat,
816 960 957 1019 propterea

163 1036 250 1092 Locos
270 1037 357 1108 (corius
380 1039 452 1093 circa
467 1039 647 1096 sacerdotium
662 1041 761 1097 Christi
786 1052 844 1098 erat
869 1043 959 1099 inten-

163 1132 210 1204 tio)
229 1147 281 1187 non
297 1132 389 1188 babuit
408 1145 534 1204 tanquam
551 1136 655 1194 socium
674 1135 954 1208 subseqtrcntemqni

160 1238 236 1279 suum
245 1225 424 1283 narrationem
436 1227 783 1296 quodammodobretiaret.
791 1229 857 1285 Tres
864 1239 952 1285 tamen

159 1318 204 1374 isti
216 1318 387 1389 euangelistae
404 1319 430 1375 ιιι
451 1318 493 1375 bis
508 1322 586 1376 rebus
599 1321 714 1375 maxime
736 1320 862 1376 diversati
877 1328 954 1388 sunt,

159 1423 226 1480 otras
236 1408 358 1464 cbristus
369 1423 417 1478 per
428 1409 570 1466 itomanam
582 1426 690 1466 earnem
702 1410 953 1482 temporalitergcs·

158 1502 203 1556 sit.
222 1501 307 1558 l'orro
321 1510 410 1559 autern
425 1501 543 1558 loannes
556 1502 642 1573 ipsam
655 1503 771 1559 maxime
782 1502 954 1559 divinitatem

158 1591 264 1648 Domini
280 1605 332 1662 qua
345 1589 417 1648 Patri
428 1601 469 1649 est
482 1593 603 1663 aequalis,
616 1592 740 1661 intendit,
755 1607 869 1664 eamque
886 1608 954 1663 prae·

1014 486 1103 542 nubila
1113 487 1274 546 infirmitatis
1283 492 1404 549 nomana
1414 491 1584 565 relataquita
1593 496 1677 565 colat,
1686 499 1808 557 etlueetu

1013 581 1238 640 incommutabilis
1249 587 1370 643 recitatis
1382 588 1632 661 acutissimis-atque
1647 591 1810 651 firmissimis

1013 675 1099 729 ocnlis
1110 676 1200 731 cordis
1214 677 1343 735 intuetur.
1360 678 1421 735 liae
1436 681 1507 737 beati
1522 681 1666 754 Augustini
1679 700 1764 755 pauca
1775 686 1808 743 de

1012 765 1132 834 pluribus
1142 779 1267 838 excerpta
1276 771 1428 826 testimonia
1440 772 1473 827 ad
1486 774 1670 845 repetendam
1681 779 1808 846 atterulo·

1011 871 1069 910 rum
1081 859 1244 914 calumniam
1257 861 1377 929 epistotae
1394 862 1560 933 praelationis
1575 866 1687 933 inserui,
1705 885 1767 939 qrrm
1780 881 1808 928 ct

1011 948 1098 1016 prisco
1108 952 1330 1023 nostrooperi(ut
1341 954 1502 1027 dictumest)
1515 957 1624 1012 tutelam
1635 957 1804 1017 delensionia

1009 1040 1163 1108 ettribeant,
1175 1053 1202 1099 et
1216 1046 1344 1114 prementi
1354 1047 1520 1119 signaculum
1532 1065 1585 1106 uon
1602 1051 1724 1122 ipoobile
1739 1068 1805 1123 prte-

1009 1130 1099 1202 ogone.
1115 1131 1242 1190 Orantem
1259 1151 1307 1207 pro
1322 1139 1400 1195 nobis
1413 1149 1532 1196 sanctam
1545 1142 1737 1211 paternitatem
1757 1159 1804 1199 re·

1007 1234 1089 1280 stram
1105 1229 1188 1294 pratia
1208 1229 1317 1299 superni
1343 1230 1473 1300 adjutoris
1492 1247 1654 1290 conservare
1675 1242 1757 1305 atque
1770 1235 1803 1291 ad

1007 1315 1189 1375 detonsionem
1214 1319 1411 1378 Ecclesiaste
1426 1334 1526 1381 sanctae
1545 1339 1654 1397 semper
1671 1324 1802 1384 corrobo-

1008 1424 1066 1465 rare
1080 1410 1213 1480 dignetur.

1290 1506 1455 1564 lil‘lSTOLd
1479 1509 1512 1575 x,

1323 1615 1356 1652 an
1376 1614 1490 1653 treta.-

157 1682 235 1751 cipue
248 1697 298 1738 sno
313 1682 457 1753 Evangelio
468 1690 597 1751 onarttum
610 1684 680 1740 inter
694 1683 814 1739 immines
826 1684 951 1739 suldeere
1233 1686 1270 1741 lie
1283 1689 1442 1758 expetitione
1454 1689 1573 1745 dctonm.

155 1772 282 1842 credidit,
297 1775 487 1831 commendare
502 1775 617 1831 curarit.
635 1774 726 1846 imque
738 1775 818 1846 louge
831 1791 847 1829 a
864 1775 948 1831 tribus
967 1748 992 1808 Β
1042 1773 1156 1829 liorntno
1168 1776 1194 1830 io
1209 1774 1317 1831 cbristo
1331 1776 1565 1836 desideratissimo
1579 1791 1608 1838 et
1621 1797 1688 1840 rere
1698 1784 1798 1844 beatis·

155 1863 348 1935 istiasnperius
362 1864 455 1934 fertur,
480 1866 515 1921 ita
531 1876 559 1922 ut
579 1866 630 1923 bos
644 1867 737 1924 rideas
753 1868 952 1939 quodammodo
1004 1866 1073 1921 simo
1101 1868 1179 1924 deca
1203 1867 1342 1940 episcopo,
1358 1868 1443 1935 Beda,
1460 1883 1616 1941 perpetuam
1635 1874 1664 1933 in
1685 1873 1799 1935 Domino

155 1959 184 2015 in
199 1966 269 2013 terra
283 1970 344 2013 cum
357 1957 467 2014 cbristo
478 1957 588 2015 bomine
598 1959 763 2027 conversari,
776 1958 850 2014 illum
861 1967 950 2016 autem
1003 1959 1128 2015 salutem.

155 2047 357 2104 transcendisse
370 2048 497 2105 nebulam
521 2065 573 2120 qua
598 2050 696 2121 tegitur
710 2050 797 2106 ononis
821 2060 903 2117 terra,
924 2060 952 2105 ct
1039 2051 1137 2121 decepi
1152 2053 1330 2109 creberrimas
1344 2055 1521 2111 beatitudinis
1537 2063 1590 2111 tua
1605 2055 1723 2126 litteras.
1740 2060 1796 2128 otti·

155 2142 307 2208 pervenisse
317 2141 350 2195 ad
363 2140 490 2212 liquidum
504 2142 614 2211 ctutum,
624 2142 697 2199 unde
709 2143 766 2199 acic
778 2144 876 2198 mentis
886 2157 948 2197 acu·
1003 2142 1052 2198 bus
1066 2158 1109 2198 me
1123 2158 1296 2200 commonere
1314 2143 1440 2214 dignutus
1455 2159 1502 2210 es,
1522 2160 1556 2200 ue
1569 2146 1670 2202 tuentis
1684 2163 1795 2205 acumen

154 2233 255 2291 tissima
269 2244 350 2304 atque
363 2232 515 2290 firmissima
529 2236 633 2291 rideret
647 2235 673 2290 in
689 2235 821 2307 principio
837 2235 948 2290 terbum
1002 2234 1080 2290 inerti
1095 2235 1150 2290 otio
1165 2246 1271 2306 torpere
1284 2243 1311 2291 et
1323 2235 1477 2292 obdormire
1492 2237 1660 2305 permittam,
1675 2239 1725 2296 ted
1739 2256 1794 2297 me-

154 2328 260 2385 bomini
274 2326 344 2397 apud
360 2327 463 2394 boum,
487 2344 534 2395 per
547 2331 618 2400 qrrttd
638 2328 708 2386 taeta
729 2339 791 2385 sum
806 2330 908 2393 ononis,
922 2338 950 2385 et
1002 2325 1120 2381 ditandis
1131 2326 1338 2396 scrutandisque
1350 2325 1469 2399 qttotidie
1479 2327 1627 2397 scripturis
1645 2329 1708 2401 eigil
1719 2339 1795 2402 atque

153 2425 240 2493 ipsum
253 2431 410 2494 agnosceret
423 2436 531 2477 aaronem
548 2422 648 2478 lartum
665 2434 695 2478 ut
710 2422 844 2477 trabitaret
859 2420 886 2476 in
902 2435 949 2473 no·
1001 2416 1153 2473 indeiessus
1168 2419 1302 2488 insistam,
1316 2427 1344 2474 et
1361 2427 1421 2486 post
1441 2418 1641 2488 expositionem
1663 2422 1794 2495 dpocslp·

152 2514 203 2570 bia.
220 2514 285 2571 item
298 2524 358 2585 post
379 2514 514 2583 attomnu
539 2532 546 2567 :
569 2513 646 2571 ilnde
672 2512 737 2567 mitri
753 2511 887 2577 vitientur,
906 2513 947 2566 in·
1003 2524 1081 2574 tiseos
1095 2508 1179 2564 sancti
1193 2509 1364 2577 erarrpelistae
1379 2508 1501 2575 loannis,
1515 2524 1595 2579 quam
1607 2509 1701 2567 trarrtr
1712 2513 1794 2569 nostd

151 2606 221 2674 norit,
236 2603 282 2673 qui
302 2617 334 2659 etr
351 2602 512 2672 Apocalypsi
535 2601 578 2657 iiia
592 2612 706 2672 quatuor
719 2600 844 2656 animatia
858 2600 891 2656 ad
907 2603 947 2656 io-
1000 2601 1108 2657 Eoscbii
1136 2612 1229 2671 rogato
1253 2601 1339 2657 tribos
1364 2601 1438 2656 libris
1461 2602 1645 2672 complexam,
1668 2620 1731 2661 moa
1746 2605 1790 2661 titt

154 2694 314 2764 tellipemtot
334 2704 450 2763 quatuor
474 2693 657 2764 evangelistas
683 2692 852 2761 interpretati
871 2701 944 2759 sunt,
999 2694 1228 2750 transcribendam
1242 2693 1373 2749 destinati
1388 2732 1396 2760 .
1412 2694 1672 2764 irneaplartationcm
1687 2711 1791 2768 quoqne

151 2787 315 2856 probabilius
335 2786 435 2858 aliquid
462 2787 610 2843 attendisse
634 2786 672 2842 illi
705 2789 752 2855 qui
785 2787 890 2842 leonem
917 2786 945 2841 in
999 2786 1257 2857 beatieranpelistae
1268 2785 1790 2859 buca,juttavestigial’otromqrau-

150 2878 286 2947 ldattltmo,
304 2878 437 2933 bominem
454 2879 480 2934 ιιι
496 2879 594 2943 ilorco,
610 2878 722 2933 titolum
735 2879 761 2933 in
776 2878 944 2948 Lucumoni·
997 2886 1051 2931 torn
1061 2876 1163 2931 valeam
1171 2876 1276 2932 sudoris
1287 2877 1449 2944 inmundam.
1461 2876 1538 2945 Quod
1553 2878 1617 2946 quia
1632 2877 1723 2934 iacere
1733 2894 1791 2935 neo·

149 2970 202 3026 lam
226 2972 252 3026 iu
275 2970 379 3026 totone
393 2970 595 3036 intellexerunt,
619 2986 699 3042 quant
724 2969 761 3026 illi
785 2972 831 3041 oui
855 2971 941 3027 ltomi·
996 2966 1059 3023 dum
1073 2967 1157 3037 potui,
1173 2977 1199 3023 et
1212 2968 1314 3038 operis,
1328 2968 1459 3033 videlicet,
1469 2969 1652 3026 immensitate
1668 2974 1791 3041 perterri-

149 3079 211 3121 rtem
227 3064 360 3129 diatriton,
382 3061 498 3132 aqrriiam
515 3062 616 3132 llarco,
643 3061 748 3117 leonem
772 3061 868 3118 loanni
894 3063 942 3116 tri·
997 3070 1050 3126 tus,
1059 3069 1086 3114 et
1097 3060 1307 3128 obstrepentium
1319 3075 1461 3117 cansarum
1473 3062 1552 3133 (quus
1563 3070 1592 3117 tu
1605 3063 1790 3138 mdtosnoott)

149 3157 275 3212 buerunt.
310 3154 348 3209 lie
375 3155 510 3225 principiis
533 3157 605 3211 enim
637 3155 767 3210 librorum
796 3156 938 3226 quamdam
955 3109 980 3176 C
997 3150 1157 3205 necessitate
1171 3151 1344 3221 praepeditus,
1361 3167 1394 3207 ne
1418 3162 1506 3207 tamen
1523 3162 1576 3208 tua
1601 3157 1789 3225 postulationis

149 3245 328 3315 conjecturam
340 3261 437 3318 rapere
448 3246 601 3312 noluerunt,
617 3261 668 3302 non
680 3248 713 3301 de
725 3255 779 3301 tota
792 3247 943 3303 intentione
994 3250 1212 3297 contemneretur
1223 3244 1389 3310 auctoritas,
1410 3243 1481 3314 quod
1498 3243 1606 3300 interim
1622 3248 1714 3318 potui,
1730 3246 1788 3303 ieci.

147 3336 396 3408 evangelistarum,
421 3353 481 3408 qtrae
512 3338 597 3406 magis
623 3337 711 3393 luerat
736 3338 939 3406 perscrutanda.
994 3329 1054 3384 llisi
1069 3331 1140 3386 attint
1156 3333 1313 3401 opusculum
1335 3332 1363 3388 itt
1387 3335 1469 3390 dctus
1490 3337 1699 3407 apostolorum,
1721 3340 1788 3409 qaod

147 3427 230 3484 llulto
241 3428 312 3484 enirn
327 3429 517 3500 congruentius
532 3428 578 3484 iile
591 3428 636 3498 qui
651 3431 751 3498 regiam
761 3428 863 3485 Citristi
879 3444 941 3497 per·
993 3430 1056 3476 ²⁰10
1071 3437 1123 3477 oon
1134 3424 1232 3494 multos
1243 3422 1302 3481 diet
1312 3424 1463 3491 edituram
1473 3426 1647 3487 velocissime
1659 3442 1786 3501 qnantum

146 3536 239 3576 sunam
256 3520 372 3575 maxime
391 3519 602 3587 commendarit,
616 3535 664 3591 per
678 3519 784 3577 leortcm
798 3520 937 3592 signitica-
994 3523 1098 3584 tempus
1112 3513 1245 3584 dederat.
1261 3524 1354 3573 natm
1369 3529 1540 3574 sacrosancta
1559 3521 1689 3577 noluntas
1703 3522 1785 3593 impe·

148 3625 190 3668 tus
203 3613 342 3683 accipitur.
361 3611 438 3669 Unde
451 3623 478 3668 et
493 3613 520 3667 io
541 3612 701 3683 Apocalypsi
720 3613 851 3678 cumipse
866 3612 937 3668 tribu
992 3606 1106 3672 diretor,
1120 3607 1290 3663 emendatum
1301 3608 1492 3666 membranulis
1505 3611 1669 3670 indideram.
1696 3613 1746 3672 libi
1757 3630 1785 3670 ra

146 3706 219 3776 regia
233 3706 275 3760 ιιο
290 3713 514 3761 commemoratus
529 3714 581 3770 est,
607 3704 650 3759 ubi
665 3704 766 3759 dictum
782 3713 823 3759 est
840 3720 848 3757 ε
867 3702 936 3759 Vicit
992 3712 1051 3766 uuae
1072 3698 1115 3754 tel
1131 3699 1243 3769 mystice
1256 3709 1331 3772 gesta
1347 3700 1389 3759 tel
1408 3702 1548 3759 obscurius
1566 3704 1638 3760 dicta
1654 3705 1783 3763 rideban-

144 3797 229 3852 leode
242 3795 724 3852 tribularumsecondnmllattltaom
738 3795 809 3849 enim
824 3805 851 3850 ιι
866 3796 936 3866 magi
993 3798 1046 3855 tur,
1061 3800 1138 3858 prout
1153 3791 1227 3860 potui
1243 3791 1391 3849 dilucidare
1405 3793 1514 3850 tentari.
1531 3793 1561 3851 lu
1578 3811 1633 3866 quo
1648 3811 1694 3853 mc
1706 3811 1784 3866 opus·

147 3896 290 3942 narrantur
304 3887 410 3942 senisse
420 3887 454 3942 ab
469 3886 578 3942 Oriente
590 3885 622 3939 ad
640 3898 730 3953 regem
747 3886 933 3955 quarendum,
990 3882 1051 3937 culo
1065 3897 1125 3937 com
1138 3884 1181 3938 atii
1197 3884 1301 3952 plurimi
1317 3883 1378 3939 idei
1392 3884 1533 3942 catholicae
1546 3886 1711 3956 scriptores,
1727 3897 1780 3942 tum

145 3975 362 4040 stromoncort,
376 3977 472 4046 qttieis
486 3993 531 4045 per
546 3975 651 4032 stellam
668 3987 744 4030 natus
758 3976 890 4045 apparuit,
907 3985 934 4030 et
989 3976 1104 4031 utatimc
1114 3977 1184 4047 juvit
1200 3983 1295 4033 stator
1308 3988 1410 4034 sanctas
1425 3978 1553 4035 Romame
1573 3979 1705 4037 Ecclesia}
1720 3980 1779 4036 sub·

144 4071 202 4139 ipse
224 4083 269 4124 res
296 4068 416 4122 llcrodes
435 4083 523 4138 regem
547 4067 682 4123 Christum
706 4067 831 4123 iorntidat
850 4067 938 4121 irtian·
989 4067 1128 4133 diaeonus,
1145 4068 1188 4137 qui
1205 4067 1291 4138 ipsum
1306 4082 1339 4124 ex
1359 4068 1454 4125 urdine
1477 4069 1574 4125 librum
1599 4069 1712 4127 heroico
1725 4086 1781 4129 ear·

144 4171 210 4225 torn,
225 4170 304 4228 atone
318 4168 345 4211 nt
355 4174 416 4212 eom
430 4157 513 4226 possit
525 4158 648 4214 occidere
660 4159 832 4228 totparrotos
843 4165 932 4212 necat.
988 4152 1060 4215 r'rtine
1076 4173 1255 4228 percurrens,
1275 4160 1417 4216 nonnullos
1442 4162 1469 4214 in
1493 4161 1590 4217 eudem
1614 4170 1705 4218 metro
1717 4162 1781 4218 alle·

142 4249 218 4318 Quod
234 4260 321 4303 autern
335 4263 382 4317 pet·
402 4248 515 4303 situlum
531 4247 615 4304 tous
629 4247 794 4320 significatos
814 4247 849 4302 sit
872 4263 933 4317 pro·
986 4252 1067 4321 pot-ios
1083 4251 1163 4306 tiores
1184 4251 1326 4308 admiscuit
1347 4270 1354 4307 :
1377 4252 1546 4308 occasionem
1561 4253 1628 4309 milri
1650 4256 1779 4318 tribuens.

142 4348 200 4412 pter
215 4339 357 4395 rotarimatn
373 4339 507 4393 victimam
520 4339 678 4402 sacerdotis,
691 4340 778 4394 neutri
793 4339 932 4393 dubitate·
987 4343 1028 4398 rel
1043 4343 1094 4396 alia
1109 4358 1142 4397 ex
1158 4342 1199 4396 itis
1213 4343 1373 4413 colligendi,
1391 4344 1432 4398 tel
1446 4342 1540 4399 eadem
1565 4343 1675 4414 planius
1695 4361 1777 4417 expo·

142 4443 212 4491 runt.
232 4433 267 4489 lbi
281 4431 383 4487 citima
405 4431 548 4485 sacerdote
568 4430 696 4484 Zocbaria
721 4430 814 4498 incipit
840 4446 930 4485 scrmo
987 4434 1078 4490 nendi.
1093 4438 1176 4489 dctus
1191 4433 1270 4504 igitur
1283 4433 1466 4503 apostolorum
1482 4433 1523 4505 (ut
1535 4435 1631 4492 beatus
1649 4437 1778 4510 ttierorp·

140 4526 285 4582 narrentis.
309 4523 347 4580 lbi
358 4523 484 4593 cognatio
498 4522 588 4578 ilaris
603 4533 629 4578 et
653 4522 790 4577 Elisabettt
811 4537 931 4579 comme·
986 4542 1045 4582 trous
1064 4525 1112 4596 ait)
1133 4526 1231 4579 notiam
1247 4525 1354 4593 qnidam
1369 4540 1467 4581 sonare
1483 4525 1611 4582 ridentur
1627 4527 1776 4595 historiam.

140 4628 267 4674 moratur.
285 4616 321 4672 lbi
337 4624 504 4672 sacramenta
521 4613 598 4685 primi
614 4613 757 4669 sacerdotii
774 4614 799 4667 in
825 4613 927 4670 irtiattte
983 4629 1009 4671 ct
1022 4619 1157 4673 nascentis
1169 4615 1297 4671 Ecclesiae
1311 4614 1450 4671 infantiam
1466 4624 1575 4683 tetere;
1590 4618 1641 4673 sed
1661 4619 1685 4674 si
1697 4634 1778 4675 norc-

140 4711 247 4767 Ctrristo
261 4709 369 4778 impleta
393 4715 545 4762 narrantur.
562 4704 596 4759 Et
613 4721 779 4777 utracunque
794 4707 845 4762 alia
863 4722 930 4777 pos·
982 4710 1066 4763 rinms
1080 4723 1171 4762 eorum
1186 4706 1342 4773 scriptorem
1354 4705 1527 4763 bucamesse
1539 4706 1689 4775 medicum,
1704 4708 1778 4778 cnjus

138 4809 202 4855 soot
215 4800 356 4869 diligenter
367 4798 479 4862 adverti,
489 4797 586 4867 quibos
599 4805 726 4867 appareat
741 4795 826 4852 Lucos
839 4797 930 4854 inten-
982 4801 1090 4854 taosest
1105 4799 1130 4852 in
1148 4798 1304 4868 Evangelio,
1319 4796 1562 4853 animadvertimus
1574 4797 1678 4868 pariter
1688 4799 1776 4855 omnia

112 4940 114 4945 ,
139 4894 237 4947 ιιοιιιιιι
253 4895 322 4946 circa
336 4905 477 4960 personam
494 4888 643 4944 sacerdotis
660 4888 797 4942 babuisse.
823 4887 929 4944 llarcos
981 4892 1062 4946 uerba
1089 4890 1160 4945 iliius
1183 4890 1281 4945 antiton
1303 4889 1452 4960 languentis
1475 4904 1536 4946 esse
1556 4891 1731 4948 medicinam.
1756 4892 1775 4947 t.

138 4981 260 5052 veruqui
281 4997 368 5051 neque
381 4982 490 5051 stirpem
508 4982 607 5052 repam
627 4996 712 5049 oenoe
728 4982 925 5036 sacerdotalem
980 4981 1078 5052 quibos
1097 4996 1146 5035 nos
1160 4982 1247 5051 aliqua
1264 4980 1340 5050 justa
1362 4980 1498 5037 modulum
1516 4993 1618 5037 nostrae
1634 4981 1775 5052 parvitatis

139 5074 182 5131 rel
196 5076 379 5145 enarrationem
395 5076 437 5129 rel
452 5075 680 5129 consecrationem
702 5088 812 5129 narrare
825 5073 925 5140 voluit,
980 5072 1231 5141 expositori‚primo
1244 5074 1389 5128 adntooerc
1399 5073 1653 5142 curabintusipsnm
1663 5088 1775 5145 stanpe-

138 5179 164 5224 ιι
175 5174 264 5222 uttren
275 5164 300 5219 in
313 5166 353 5220 eis
369 5176 490 5220 uersatus
504 5165 653 5220 ostcttdittrr
667 5180 727 5232 oue
742 5165 823 5219 ltorno
842 5164 921 5220 ctrrt·
981 5164 1067 5220 listanr
1084 5165 1193 5231 Lucam,
1209 5171 1238 5220 ut
1249 5164 1348 5217 dictum
1361 5171 1412 5228 est,
1422 5161 1497 5233 juata
1512 5163 1687 5220 traditionem
1703 5174 1774 5220 rete·
1829 5193 1858 5203 -

138 5269 196 5317 stus
215 5264 340 5328 operatus
362 5266 414 5320 est.
438 5265 538 5309 tantum
563 5257 679 5310 bominis
695 5257 807 5328 figuram
828 5258 853 5311 in
869 5257 922 5311 iltis
980 5271 1039 5310 rom
1057 5254 1183 5309 Ecclesiae
1199 5261 1384 5318 tractatorum,
1397 5251 1536 5307 medicinae
1551 5253 1618 5307 artis
1631 5252 1714 5309 tuisse
1726 5267 1772 5323 pe·
1784 5278 1857 5292 --

137 5361 252 5422 qrratnor
266 5346 599 5415 attimalibussigniitcasse
611 5348 726 5402 ridetur.
753 5348 816 5402 ilaec
831 5356 921 5403 antem
980 5347 1144 5410 ritissimont,
1154 5355 1180 5400 ct
1191 5342 1389 5413 tnagisGraecas
1398 5343 1499 5397 litteras
1508 5343 1623 5398 scivisse
1632 5342 1859 5412 quamde-

137 5444 260 5502 animalia
274 5440 334 5506 tria,
347 5440 404 5494 sire
428 5438 481 5504 leo,
498 5439 663 5503 sireburne,
683 5441 740 5495 sire
762 5440 871 5506 vitutus,
897 5440 922 5496 in
980 5438 1074 5493 bracas.
1093 5438 1167 5492 Unde
1190 5451 1280 5490 sermo
1297 5435 1355 5505 cjos
1368 5445 1421 5489 tam
1442 5433 1470 5489 tn
1485 5432 1638 5504 Evangelio
1651 5449 1731 5504 quam
1746 5432 1857 5485 in

138 5546 207 5593 terra
231 5535 398 5605 gradiuntur.
416 5529 493 5586 Unde
514 5529 557 5583 isti
572 5537 626 5584 tres
639 5532 811 5600 evangelistas
835 5533 860 5587 in
882 5533 923 5588 iris
979 5530 1091 5585 Actibus
1102 5528 1294 5600 apostolorum,
1306 5527 1438 5596 comptior
1446 5534 1537 5592 est‚ct
1549 5525 1720 5581 saccularium
1731 5539 1756 5578 rt
1823 5540 1856 5569 ι·

138 5625 254 5681 roratime
266 5627 387 5694 occupati
403 5633 465 5679 suot
478 5637 537 5690 ouae
552 5622 674 5677 Citristus
688 5623 714 5676 in
730 5639 811 5679 carne
824 5639 920 5692 opera-
979 5619 1393 5691 doleteloonentiammagisque
1405 5616 1679 5674 testimoniisGrarcis
1690 5616 1754 5673 utitn
1775 5624 1855 5666 at

124 5726 171 5770 tos
183 5723 239 5785 est,
257 5726 284 5770 et
299 5731 359 5786 poa
372 5724 511 5788 precepta
539 5714 659 5771 mortalis
683 5715 743 5771 ritae
767 5717 924 5772 exercendae
948 5778 952 5786 ,
978 5730 1057 5788 qnam
1071 5714 1197 5771 llebrreis.
1213 5709 1503 5784 Exortnaceidit‚quod
1511 5710 1733 5777 maximemirut,
1744 5708 1853 5761 at
