3802 6126
127 309 166 366 l‘l
549 313 647 372 SECT.
670 314 691 372 Ι.
712 311 874 371 ttuuluuu.
887 339 923 355 -
936 310 1002 370 le.
1021 312 1042 369 l.
1063 313 1145 371 llDll.
1166 313 1331 371 GDNDlllAE
1436 362 1440 368 .
1741 316 1774 373 ts

128 425 353 498 ioeorruptiouis,
366 434 396 484 et
406 441 531 499 superne
544 428 726 494 hereditatis,
737 443 818 500 urnam
833 428 925 501 perdi·
939 441 961 494 A
976 440 1041 497 ergo
1063 428 1240 497 responsione
1256 425 1407 496 Elisabetlr,
1428 441 1480 496 uua
1502 441 1561 485 sam
1583 428 1688 484 beatam
1703 431 1776 485 iuter

127 520 259 577 distrusio
273 520 369 581 Adam,
386 519 502 578 fructum
517 522 676 592 reecpimus.
695 523 729 579 Et
743 537 807 579 rere
823 538 854 577 ae
868 522 930 578 sin·

128 615 263 687 golarirer
277 614 435 670 benedictus
446 659 453 683 ,
465 615 511 684 uui
527 630 580 670 uou
596 626 689 671 nostro
703 631 778 672 more
791 624 931 684 postquam

133 714 215 762 natos
227 712 282 770 est,
296 706 411 774 gratiam
427 720 442 759 a
458 704 574 760 Domino
590 706 787 763 benedictionis
798 706 930 783 percepit,

131 796 182 852 sed
196 797 255 865 ipsc
267 795 302 851 ad
314 795 472 851 snlrandum
489 797 618 852 mundum
635 797 792 854 ireuedietus
807 799 851 869 qui
867 795 930 872 [un.

133 883 199 941 Dos.
211 902 264 940 nm.
274 884 331 955 null
349 888 426 942 seuit
439 887 466 942 in
482 889 591 945 nomine
604 888 723 944 Domini.

173 977 208 1032 Et
223 979 292 1034 unde
309 980 359 1034 lroc
372 980 453 1047 milri,
474 996 501 1035 ur
523 983 608 1037 ueniat
622 993 703 1038 muter
718 983 821 1038 Domini
836 985 887 1039 mei
898 983 933 1038 nd

136 1070 198 1124 urei
210 1069 234 1125 D
245 1079 341 1140 munte
357 1071 384 1124 in
397 1071 575 1139 prophetissae
589 1082 678 1129 mente
689 1073 837 1140 humilitas,
853 1089 932 1142 utram

136 1173 220 1215 seros
240 1175 329 1215 sermo
350 1161 457 1216 Domini
481 1177 560 1230 quem
576 1163 665 1218 dixit:
688 1163 774 1234 Super
794 1181 870 1235 quem
891 1182 934 1220 re·

135 1252 248 1318 quiescet
260 1250 377 1322 Spiritus
391 1269 473 1321 urens,
488 1254 539 1308 nisi
550 1271 627 1323 snper
640 1258 760 1311 inutiiem
777 1267 800 1312 el
819 1259 932 1322 nrtietuur

136 1350 161 1392 et
174 1350 322 1395 trementem
335 1342 410 1396 serbo
422 1344 499 1397 mro?
513 1344 583 1415 (len.
601 1345 685 1418 usur.)
699 1348 809 1403 llalrem
823 1349 932 1412 uuidem

139 1430 257 1497 Domini,
273 1447 333 1502 que
347 1432 381 1487 ad
395 1449 426 1490 se
439 1448 550 1491 venerat
564 1477 571 1502 ,
588 1453 652 1492 mus
666 1448 695 1493 ιιι
712 1439 798 1506 ιιιΙιι,
815 1455 876 1495 esse
888 1457 934 1497 cu·

138 1524 232 1591 gnunit
246 1542 252 1576 :
267 1523 315 1578 sed
332 1523 397 1578 nibil
423 1525 449 1581 iu
473 1541 503 1583 se
528 1529 588 1584 talis
612 1530 699 1586 meriti
726 1533 932 1602 reperiensque

137 1612 218 1684 digne
233 1614 310 1672 lueret
323 1631 338 1671 a
353 1625 425 1671 ιιιιιι
442 1618 549 1688 bospite
563 1622 677 1691 visitari,
693 1621 767 1678 liudo
783 1624 832 1678 lroc
849 1627 915 1680 milri
923 1668 931 1693 ,

138 1705 240 1774 iniquit,
263 1715 292 1759 ut
314 1716 396 1762 muter
410 1708 516 1764 Domini
531 1712 580 1766 mei
592 1714 678 1768 ueniet
692 1714 727 1769 nd
742 1716 800 1770 ure?
815 1717 874 1787 quia
890 1718 931 1773 ui·

984 517 1110 572 rruolieres
1133 517 1305 586 praedicauit,
1323 525 1435 573 matrem
1453 519 1558 573 Domini
1579 520 1619 574 sui
1636 521 1776 590 cugumui·

984 608 1072 673 navit,
1085 609 1138 665 ilde
1160 611 1256 665 lortem
1272 609 1404 675 laudarit,
1421 612 1454 666 ad
1469 612 1545 682 cujus
1564 611 1715 681 ingressum
1729 627 1776 672 se·

983 697 1068 768 ipsam
1079 715 1139 755 eum
1152 701 1206 754 illio
1217 700 1318 770 Spiritu
1332 711 1426 757 sancto
1435 702 1564 772 repletam
1578 716 1639 757 esse
1650 701 1775 770 signarit,

984 806 1037 843 uon
1052 791 1168 859 amplios
1180 800 1270 847 tacere
1284 793 1372 860 potuit
1387 793 1456 846 dom
1471 808 1530 861 que
1542 799 1712 863 perceperat,
1727 793 1776 848 sed

984 896 1044 950 quae
1058 895 1167 952 semper
1179 883 1270 937 auimo
1282 884 1405 952 gerebat,
1418 884 1462 938 ubi
1476 893 1567 954 aptum
1584 891 1691 954 tempus
1704 886 1778 940 inte·

984 974 1035 1041 uit,
1050 974 1133 1029 eliam
1147 975 1242 1031 deuota
1257 976 1313 1030 oris
1328 975 1496 1044 professione
1507 976 1642 1046 patefecit.
1656 976 1779 1045 Namque

985 1076 1012 1118 ut
1029 1065 1188 1135 virginalem
1204 1067 1317 1121 decebat
1330 1071 1474 1135 pudorem,
1491 1077 1631 1137 acceptum
1651 1067 1778 1122 diuinitus

984 1153 1061 1227 [dis.,
1075 1154 1234 1225 divinitatisl
1248 1160 1386 1212 oraculum
1408 1159 1560 1228 aliquandiu
1585 1159 1692 1214 silentio
1707 1168 1776 1227 tege·

984 1247 1040 1313 bru,
1055 1264 1182 1302 arcauuur
1199 1249 1321 1319 ruysterii
1334 1251 1452 1304 celestis
1463 1251 1488 1304 iu
1502 1251 1542 1304 sui
1559 1251 1675 1320 pectoris
1686 1249 1776 1305 abditu

984 1339 1164 1395 venerabatur
1174 1344 1318 1405 occuitum,
1331 1342 1503 1411 exspectabat
1519 1355 1671 1398 rerereuter
1687 1343 1776 1396 diones

984 1430 1042 1500 ipse
1056 1432 1189 1487 duriorum
1202 1433 1359 1487 distributor
1371 1433 1435 1502 quid
1451 1432 1502 1487 sibl
1517 1432 1580 1488 doui
1593 1435 1718 1502 specialis
1735 1437 1777 1492 iri·

985 1524 1095 1590 buissel,
1108 1523 1170 1592 quid
1184 1524 1280 1579 secreti
1292 1527 1447 1591 revelasset,
1461 1527 1674 1596 quandocunque
1686 1528 1776 1594 uellet,

983 1616 1151 1671 ostenderet.
1173 1620 1206 1670 dt
1221 1624 1360 1686 postquam
1375 1616 1468 1672 eadem
1486 1633 1545 1687 uiro
1560 1619 1611 1672 sibi
1627 1627 1703 1673 erum
1716 1621 1780 1677 elra-

984 1708 1093 1762 rismato
1107 1709 1223 1778 prestita
1236 1723 1283 1778 per
1295 1709 1469 1780 aliosSpiritu
1484 1712 1622 1766 nesciente
1633 1726 1693 1767 csse
1705 1719 1780 1781 pate·

139 1797 241 1851 mirum
256 1798 314 1866 ipse
328 1798 463 1868 spiritns,
476 1802 522 1872 qui
545 1804 570 1859 ei
585 1805 736 1875 prophertae
749 1807 849 1861 donnum
863 1822 929 1864 001..
952 1801 973 1861 Β
988 1796 1055 1852 iacta
1066 1799 1204 1867 cernebat,
1217 1814 1279 1854 mor
1290 1801 1346 1869 ipsa
1357 1801 1437 1855 ctiam
1448 1801 1603 1856 thesaurum
1619 1802 1680 1858 coeli
1694 1817 1775 1871 uuetu

141 1891 213 1956 tulit,
225 1907 324 1948 munus
332 1894 436 1962 pariter
448 1894 607 1953 humilitatis
622 1899 758 1968 prestitit.
773 1900 935 1968 Droplretieo

141 1982 243 2051 repleta
257 1983 353 2052 spiritu
368 1983 526 2054 genitricem
541 1986 574 2041 ad
588 2000 618 2043 se
630 1988 795 2046 adventasse
814 1990 934 2047 Salvato-

142 2072 181 2128 ris
203 2072 355 2140 intellexit,
380 2073 428 2130 sed
452 2074 610 2134 humilitatis
630 2079 725 2148 spiritu
740 2080 932 2152 circumspecta

142 2165 231 2220 miuus
244 2166 352 2236 diguam
367 2181 399 2223 se
411 2168 469 2238 ejus
482 2168 597 2225 adventu
609 2170 796 2241 deprehendit.

180 2254 248 2311 Ecce
257 2259 326 2312 enirn
338 2266 367 2312 ut
378 2262 448 2329 insin
459 2269 495 2314 est
506 2276 555 2316 oon
568 2261 716 2317 crientionis
730 2274 780 2319 tnoe
793 2265 934 2320 inauribus

140 2350 213 2413 ιιιειι,
227 2350 363 2405 ensuitnsit
377 2352 515 2422 inpendio
534 2353 623 2423 insons
640 2353 667 2408 iu
681 2361 751 2409 utero
770 2370 836 2410 men.
851 2356 933 2412 inlel-

140 2440 207 2496 lexit
224 2442 375 2510 Elisabeth,
385 2444 480 2500 eodem
492 2459 545 2515 quo
557 2444 666 2514 impieta
678 2456 735 2501 erat
746 2444 847 2515 Spiritu
861 2462 934 2503 rere-

141 2532 230 2595 lante,
242 2532 307 2603 quiid
322 2534 363 2588 illa
383 2535 529 2591 exsultatio
550 2537 590 2592 sui
611 2536 790 2607 significasset
806 2538 932 2605 inlautis,

141 2624 196 2678 boc
210 2633 251 2679 est
266 2624 336 2679 illius
354 2627 461 2682 uenisse
476 2636 591 2682 matrem
611 2627 688 2699 cuijus
711 2629 767 2698 ipse
782 2643 933 2698 precursor

139 2736 171 2777 ae
194 2720 394 2776 demonstrator
417 2728 492 2777 esset
513 2720 629 2778 iuturus.
648 2722 683 2777 Et
697 2738 777 2794 quam
794 2723 932 2790 miranda,

140 2828 222 2883 rpuem
237 2813 291 2868 cita
309 2813 394 2869 saneti
409 2813 525 2883 Spiritus
540 2814 680 2884 operatio!
697 2814 772 2870 llrrlla
790 2816 890 2886 quippe
906 2816 932 2871 in

140 2904 270 2960 discendo
284 2919 360 2959 mora
375 2912 427 2972 est,
438 2903 482 2961 ubl
494 2905 610 2974 Spiritus
621 2916 729 2962 sanctus
740 2908 835 2963 doctor
845 2910 933 2964 adest.

143 2996 170 3051 ln
195 3010 250 3050 uuo
273 2996 424 3067 eodemque
450 3004 588 3055 momento
613 3012 674 3053 com
698 3015 766 3056 sace
792 3001 934 3058 salutantis

141 3088 267 3156 goudium
290 3088 412 3144 nascitur
432 3088 561 3156 iulantis,
575 3091 637 3160 quin
652 3091 717 3146 dum
732 3107 782 3146 ror
800 3093 832 3146 ad
854 3107 934 3149 aures

143 3180 265 3247 perreuit
286 3181 463 3250 corporales,
483 3181 570 3237 rictus
590 3181 738 3250 spiritualis
758 3198 807 3239 cor
827 3158 972 3240 intrauitC
991 3181 1074 3236 muria
1098 3181 1222 3237 delectet.
1238 3183 1303 3250 Quae
1324 3196 1385 3236 cum
1404 3182 1529 3237 omnibus
1553 3181 1678 3252 perlectis
1701 3182 1781 3238 uerba

143 3271 296 3341 audientis,
321 3286 373 3329 nee
397 3272 485 3329 sulum
508 3273 681 3345 genitricem,
696 3275 744 3330 sed
765 3286 793 3331 et
816 3277 935 3334 sobolem

143 3383 233 3423 amore
246 3367 354 3424 Domini
375 3367 543 3424 sdreoientis
566 3368 699 3425 accendit.
716 3368 792 3425 Unde
811 3386 873 3425 mur
891 3386 937 3426 ea-

145 3460 203 3515 dem
219 3460 400 3530 precursoris
413 3460 520 3516 Domini
531 3459 648 3531 genitrix
669 3475 699 3516 ea
714 3475 776 3529 qrrae
789 3461 816 3514 in
832 3462 936 3516 occuito

146 3557 321 3619 cognouerat,
331 3547 373 3603 bis
386 3549 520 3618 quisimul
531 3550 643 3605 aderant
653 3558 681 3604 et
691 3549 837 3606 audiebant
847 3550 935 3621 palam

146 3642 328 3710 evangelizare
342 3641 457 3698 curarit.
472 3641 539 3697 Nam
555 3642 666 3697 subdit:

186 3729 220 3785 llr
232 3731 303 3786 Dente
316 3747 373 3803 puer
385 3733 510 3800 nedidb,
533 3734 656 3802 quonium
671 3734 834 3803 perficientur
848 3735 874 3787 iu
888 3751 934 3800 ets,

145 3839 202 3889 nure
213 3825 282 3878 dictu
294 3835 354 3879 sunt
367 3826 421 3880 ein
438 3824 556 3879 Dnrrrino.
572 3824 637 3880 Num
655 3834 681 3881 et
697 3826 747 3882 bue
769 3842 874 3896 unusque
890 3842 937 3897 per

145 3915 272 3983 Spiritum
287 3915 383 3970 didicit
394 3915 532 3971 Elizabetb
546 3958 554 3986 ,
570 3932 630 3987 nure
653 3918 763 3988 augelus
778 3917 810 3972 ud
826 3918 935 3972 ilariam

145 4005 225 4059 rerba
242 4005 394 4075 protulerit,
410 4007 482 4077 quod
499 4007 543 4064 illa
560 4023 621 4062 mor
637 4009 832 4076 evangelizanti
846 4008 935 4064 credi-

144 4098 223 4161 derit,
235 4097 306 4168 qrrud
320 4099 388 4166 lraee,
397 4098 486 4154 dirina
496 4109 623 4170 operante
635 4101 870 4171 poeniceusque
882 4103 935 4156 ulla

144 4198 237 4242 essent
261 4187 398 4243 dubietate
421 4189 589 4258 complenda.
614 4190 764 4262 ilicumque
784 4190 810 4244 iu
826 4190 934 4247 modurn

145 4279 216 4335 idem
231 4278 350 4350 Spiritus
372 4296 432 4337 eam
453 4296 515 4338 eum
530 4284 656 4353 replerit,
668 4284 841 4352 presentium
855 4282 935 4339 simul

145 4369 344 4437 preteritorum
367 4379 394 4426 et
417 4372 569 4428 laturorum
595 4373 705 4430 scientia
732 4374 869 4430 iustruxit.
897 4374 936 4432 De

987 1890 1013 1946 iu
1029 1890 1111 1947 eorde
1125 1894 1259 1960 seruabat,
1276 1894 1391 1962 aperuit.
1407 1893 1549 1961 nitergo:
1629 1915 1643 1931 ι

1021 1984 1174 2055 Μαριιριαι
1186 1986 1272 2039 nrrr'nte
1287 2002 1343 2039 uren
1359 1984 1508 2040 Dominum.
1518 1983 1553 2038 Et
1564 1987 1702 2039 exsulterit
1716 1984 1779 2052 Spi-

985 2081 1048 2132 ritus
1058 2095 1128 2132 nrcus
1142 2079 1169 2131 irs
1185 2076 1238 2130 Deo
1249 2076 1358 2130 tuirrinri
1370 2094 1434 2132 rnen.
1447 2076 1548 2144 Quibus
1559 2079 1677 2148 proiectu
1690 2079 1779 2134 verbis

986 2171 1072 2239 primo
1095 2169 1164 2223 doua
1203 2168 1257 2223 sibl
1290 2167 1441 2239 specialiter
1465 2182 1593 2224 concessa
1620 2170 1778 2240 continetur,

985 2261 1081 2317 deiude
1093 2262 1226 2333 generalia
1239 2262 1283 2317 Dei
1299 2261 1430 2316 beuellcia
1443 2261 1540 2333 quibus
1554 2263 1645 2333 generi
1662 2262 1780 2317 lmursuo

987 2355 1013 2409 iu
1028 2363 1157 2409 aeteruum
1173 2353 1314 2409 consulere
1330 2368 1383 2409 uou
1398 2353 1521 2422 desistit,
1546 2364 1695 2409 enumerat.
1716 2352 1781 2425 Ejus

986 2456 1076 2502 autem
1091 2448 1179 2502 anime
1196 2448 1337 2503 Dominum
1353 2450 1519 2517 magniiicet,
1542 2451 1586 2518 qui
1605 2464 1698 2504 omues
1711 2449 1781 2506 iute-

988 2536 1066 2590 rioris
1083 2536 1199 2593 bominis
1213 2538 1255 2592 sui
1270 2537 1380 2594 allectus
1393 2539 1490 2594 diuinis
1513 2539 1634 2595 laudibus
1648 2555 1680 2595 ac
1692 2540 1780 2595 serri-

989 2631 1035 2683 tiis
1064 2631 1217 2700 mancipat,
1242 2630 1484 2700 qoiobservonrio
1511 2643 1704 2702 preceptorum
1735 2632 1780 2686 Dei

987 2738 1094 2790 semper
1105 2724 1164 2793 ejus
1175 2724 1320 2793 potentiam
1333 2724 1480 2793 majestatis
1497 2739 1527 2780 so
1539 2725 1656 2795 cogitare
1670 2727 1781 2779 demon·

987 2823 1062 2868 strat.
1081 2813 1147 2884 Ejus
1171 2813 1283 2883 spiritus
1308 2815 1336 2868 in
1360 2814 1414 2870 Deo
1439 2815 1550 2870 salutari
1574 2830 1624 2870 suu
1648 2818 1780 2881 exsultat,

987 2922 1065 2976 quem
1082 2906 1149 2961 nibil
1167 2906 1193 2960 iu
1208 2905 1321 2961 terrenis
1335 2904 1409 2973 libet,
1427 2905 1499 2960 nulla
1515 2905 1674 2960 caducorum
1691 2921 1780 2961 rerum

989 2994 1126 3050 alllueutia
1148 2995 1268 3062 emollit,
1285 2995 1356 3051 nulla
1370 2996 1518 3051 adversitas
1536 2997 1646 3066 irrugit,
1662 2997 1709 3051 sed
1724 2997 1781 3051 sula

987 3089 1058 3144 illius
1071 3106 1085 3144 a
1101 3104 1153 3156 ntro
1164 3089 1234 3143 salus
1247 3097 1369 3156 speratur
1379 3098 1490 3157 aeterua,
1500 3091 1540 3143 sui
1554 3090 1710 3156 eorrditurie,
1722 3104 1781 3144 me·

988 3284 1062 3329 reete
1085 3273 1259 3338 corrveuiaut,
1284 3272 1400 3328 monime
1428 3282 1517 3328 tomeu
1544 3288 1576 3328 ea
1603 3273 1708 3329 beutam
1733 3273 1780 3328 Dei

987 3364 1145 3434 genitricem
1161 3362 1281 3433 prolerre
1295 3362 1429 3431 decebat,
1445 3379 1505 3434 quse
1530 3365 1617 3419 oreriti
1644 3363 1782 3434 privilegio

987 3459 1134 3528 singularis
1148 3457 1281 3527 spirituali
1294 3457 1379 3528 ipsius
1392 3457 1536 3513 dilectione
1550 3459 1689 3530 flagrabat,
1705 3457 1782 3527 cujus

987 3547 1120 3617 corporali
1135 3549 1311 3615 conceptione
1326 3547 1469 3617 gaudebat.
1486 3549 1552 3616 Que
1572 3554 1632 3617 juro
1650 3550 1676 3603 iu
1700 3548 1781 3613 lesu,

988 3637 1012 3692 id
1024 3647 1081 3704 est,
1098 3637 1125 3691 in
1141 3637 1253 3692 salutari
1276 3651 1325 3692 suo
1350 3641 1458 3708 speciali
1482 3656 1537 3707 pree
1561 3641 1667 3695 ceteris
1682 3640 1782 3694 sarrctir

987 3730 1085 3798 gaudio
1101 3731 1185 3800 potuit
1200 3729 1348 3795 exsultare,
1364 3732 1426 3800 quia
1442 3746 1521 3801 quem
1536 3743 1693 3800 perpetuum
1708 3733 1781 3788 salu·

989 3820 1021 3876 tis
1032 3831 1168 3877 auctorem
1181 3829 1301 3888 uouerat,
1313 3822 1383 3878 lruuc
1400 3823 1487 3891 ipsum
1505 3824 1649 3894 temporali
1665 3838 1726 3879 ortu
1747 3825 1782 3880 de

987 3925 1069 3966 carue
1083 3926 1131 3966 sua
1147 3911 1313 3967 nasciturum
1330 3925 1390 3967 essu
1406 3912 1519 3981 sciebat,
1540 3925 1673 3984 quatenus
1687 3915 1713 3970 iu
1730 3931 1781 3971 una

987 3995 1134 4072 eademque
1156 4017 1269 4072 persona
1290 4005 1423 4058 ueraciter
1444 4019 1509 4059 suus
1530 4013 1558 4059 et
1574 4005 1641 4059 lilius
1660 4014 1732 4061 esset
1753 4013 1782 4061 et

988 4093 1126 4148 Dominus.
1137 4094 1202 4160 Quae
1213 4095 1386 4164 sequentibus
1404 4109 1509 4164 quoque
1520 4097 1618 4164 uerbis,
1627 4112 1705 4165 quem
1719 4097 1779 4152 uilia

988 4185 1021 4238 de
1030 4186 1118 4253 seipsa
1129 4184 1244 4238 senserit
1253 4183 1393 4249 edocet,ct
1404 4187 1474 4252 quud
1487 4200 1566 4239 orrruo
1577 4188 1704 4255 ‹prridpuid
1717 4189 1780 4244 boui

988 4276 1075 4331 meriti
1091 4275 1194 4345 babuit,
1212 4275 1262 4331 boc
1278 4288 1393 4346 superna
1407 4275 1491 4346 gratia
1510 4275 1639 4345 iurgleute
1656 4292 1782 4347 percepn·

989 4370 1032 4434 rit,
1049 4369 1163 4424 dicens:

144 4459 324 4528 presentibus
349 4475 466 4532 namque
487 4477 517 4520 en
537 4464 659 4519 edoctam
675 4466 853 4531 monstravit,
874 4483 934 4521 cum
1024 4459 1091 4524 Quin
1105 4461 1213 4527 respexit
1229 4460 1398 4514 lruuriiitntem
1410 4459 1512 4513 nncillre
1525 4474 1596 4512 suae:
1608 4474 1664 4513 ecce
1674 4460 1784 4515 minsa

145 4550 250 4606 besum
275 4550 385 4607 liarinm
408 4562 521 4610 nratrem
545 4555 651 4610 Domini
676 4557 718 4612 sui
741 4573 857 4622 vocaus,
874 4559 935 4628 quia
990 4552 1038 4605 boc
1061 4552 1159 4606 ieotnur
1188 4554 1326 4607 predicent
1342 4568 1428 4607 omnies
1449 4554 1632 4621 penerntinncs.
1650 4552 1781 4608 llumilem

146 4643 353 4714 Redemptnrem
366 4644 474 4700 buruaui
486 4648 592 4715 generis
603 4648 630 4701 iu
645 4658 721 4703 utero
732 4659 860 4718 gestaret,
869 4649 938 4704 iudi·
990 4645 1088 4714 quippe
1114 4644 1215 4699 b'bristi
1237 4643 1362 4698 ancillam
1381 4658 1430 4697 suo
1450 4642 1550 4711 judicio
1568 4658 1597 4698 se
1625 4642 1707 4699 luisse
1730 4643 1783 4700 de-

145 4735 226 4787 cerit.
243 4733 323 4790 llude
337 4732 418 4791 etiam
434 4736 548 4791 lructom
564 4737 666 4792 ventris
685 4737 746 4809 ejus
768 4739 940 4808 singulariter
993 4743 1135 4798 monstrat,
1165 4736 1211 4789 ted
1228 4744 1351 4803 respectu
1378 4749 1408 4789 te
1432 4734 1525 4804 elilim
1540 4734 1657 4790 coeieslit
1672 4747 1784 4805 repente

145 4824 319 4880 benedictum
335 4840 395 4883 esse
410 4828 531 4896 proiessa
547 4838 598 4885 est.
615 4829 816 4887 Praeteritorum
840 4848 870 4888 su
892 4848 941 4889 po.
991 4827 1161 4881 sublimarem
1177 4828 1428 4895 pronuntiantium
1439 4827 1465 4879 iu
1479 4835 1581 4881 tontum
1596 4827 1782 4897 glorificatam,

144 4916 232 4969 titiam
255 4917 394 4986 accepisse
417 4919 533 4990 signarit
546 4961 554 4985 ,
569 4936 629 4990 qum
651 4929 680 4976 et
690 4923 771 4977 uerba
796 4923 883 4988 angeli
906 4924 939 4978 ad
992 4930 1020 4974 ut
1035 4935 1082 4974 sua
1095 4919 1231 4972 beatiurdo
1244 4920 1375 4986 precipua
1385 4922 1481 4973 merito
1493 4930 1649 4976 cunctarum
1662 4925 1782 4991 gentium

145 5008 268 5076 Ιιιιιιιι,
281 5017 309 5064 et
321 5025 482 5067 colerensem
506 5013 598 5069 llopiae
621 5014 758 5071 credentis
783 5017 834 5071 gibt
858 5015 941 5072 innn-
991 5011 1196 5065 vnceruirctur.
1221 5007 1330 5063 Addidit
1356 5011 1436 5064 etiarn
1465 5011 1552 5066 adbuc
1565 5012 1661 5067 divine
1676 5014 1781 5082 pietatis

147 5099 230 5155 roure
244 5100 373 5170 prodidit.
389 5101 482 5158 Sedet
498 5103 648 5161 interorum
664 5107 808 5162 seientiam
821 5107 871 5162 sibi
886 5124 939 5164 nou
993 5114 1115 5165 multem,
1142 5114 1201 5167 ‘lui‘
1228 5099 1386 5155 ”lisiblldei
1407 5105 1520 5173 accepi.
1536 5104 1614 5175 ditebi
1637 5109 1782 5174 tributum

146 5198 272 5260 pugnum
287 5191 434 5258 intimarit,
452 5208 513 5249 cum
529 5195 689 5263 perlicieuda
709 5197 868 5266 nDumiuo,
880 5215 941 5269 quae
991 5191 1271 5246 atliouetolluudiut·

145 5285 172 5339 ei
187 5285 258 5339 dicta
274 5299 364 5342 esseut
377 5288 492 5357 aperuit.
509 5289 574 5356 Quis
587 5300 696 5356 autem,
712 5291 811 5348 iratres
821 5294 884 5362 mei,
901 5293 941 5348 di·
1028 5286 1095 5350 Quia
1110 5286 1169 5356 ieci!
1189 5285 1252 5339 miii
1272 5302 1366 5357 mituli
1389 5289 1433 5357 illi
1447 5297 1534 5356 potens
1553 5299 1599 5353 ιιι,
1625 5299 1650 5343 et
1665 5300 1783 5346 “uelim

145 5388 219 5439 ecre,
236 5377 296 5443 riuis
310 5377 444 5434 {estimare
459 5379 591 5448 euiilciat,
606 5397 666 5451 quse
689 5391 750 5437 tuuc
764 5384 849 5450 gratia
863 5383 942 5452 spiri·
991 5397 1082 5434 nonen
1096 5381 1162 5450 ejus.
1180 5378 1221 5433 bil
1238 5380 1316 5449 igitur
1331 5381 1386 5435 suis
1397 5382 1499 5436 meritis
1512 5383 1612 5449 tribuit,
1627 5401 1685 5451 urm
1698 5394 1779 5441 totam

148 5475 191 5520 tus
206 5465 254 5522 Dei
268 5468 425 5537 genitricem
447 5470 611 5539 repleverit,
635 5486 695 5527 cum
720 5482 794 5526 tenta
811 5473 836 5525 iu
856 5481 943 5526 nrntre
992 5470 1202 5539 magnitudinem
1216 5470 1247 5524 ed
1264 5470 1334 5524 illius
1348 5471 1447 5526 donum
1462 5472 1554 5537 relerl,
1568 5477 1611 5543 uui
1632 5475 1782 5533 essentiali·

150 5563 327 5626 precursoris
352 5560 394 5616 lus
419 5562 481 5616 doni
505 5564 626 5620 coelestis
640 5565 765 5619 errrieuit?
782 5563 880 5620 lerum
894 5580 942 5621 su·
993 5572 1034 5618 ter
1045 5573 1141 5632 putens
1155 5572 1183 5617 et
1193 5577 1304 5631 maguus
1324 5562 1453 5629 existens,
1465 5563 1556 5619 unetos
1566 5580 1629 5620 suos
1643 5568 1677 5623 de
1693 5568 1781 5637 prnrrls

151 5651 255 5708 diaruns
269 5654 352 5708 rerba
374 5669 434 5724 qua
457 5653 544 5722 dixit,
561 5655 584 5710 si
610 5654 679 5711 iurte
697 5670 730 5711 es
753 5655 942 5710 bisralenruus
992 5664 1072 5723 atque
1095 5653 1209 5707 inbrruis
1235 5656 1316 5708 lurtcs
1342 5655 1429 5710 lacere
1443 5669 1591 5724 cousuevit,
1609 5668 1637 5713 et
1658 5676 1780 5728 uraguus.

153 5743 344 5808 nlrrrnautulom
358 5745 516 5815 dignoscere
529 5747 594 5817 qnid
609 5748 682 5803 intus
697 5748 832 5805 babuerit.
845 5749 941 5804 nonina
995 5743 1065 5798 liene
1079 5749 1166 5797 autem
1181 5741 1293 5809 addidit,
1312 5741 1343 5797 b't
1360 5755 1475 5799 sunctum
1495 5762 1585 5802 nornen
1600 5749 1665 5816 einr,
1683 5757 1711 5805 ot
1730 5752 1780 5804 ad·
