3802 6126
130 298 182 359 tad
735 301 832 359 suet.
854 302 897 358 lv.
918 335 952 346 -
974 302 1161 363 tetstotm.
1711 310 1768 365 ti‘u

127 414 237 488 propria
256 413 290 470 ad
305 413 479 473 imitationem
494 428 590 473 sensus
604 428 708 482 eorum,
729 416 772 471 ulti
786 427 918 486 oppurtu·
934 416 1096 486 lepusculo
1119 420 1321 491 transcriptione
1344 424 1424 495 digna
1445 423 1588 492 duxerint,
1614 435 1765 483 memorata

126 523 189 563 ιιιιιιι
207 505 358 575 ridebitur,
374 509 586 577 interponemus.
602 507 794 578 Lectoremque
808 507 921 578 supplex
973 523 1079 580 quoque
1101 512 1239 568 nominum
1262 513 1348 587 signa,
1363 528 1393 572 ut
1406 516 1434 572 io
1447 526 1538 573 nostro
1550 514 1697 587 excruplari
1718 534 1760 576 re·

126 599 251 667 omccro,
268 609 296 653 ut
305 599 330 655 si
345 598 402 654 ltaec
414 609 505 654 trostrs
518 599 646 669 opuscula
660 597 868 665 transcriptione
879 596 921 652 dl·
973 601 1204 672 periuat,alllgere
1214 607 1394 662 meminerint.
1408 607 1538 663 Nonnulla
1552 609 1632 663 etiarn
1646 623 1706 678 quae
1721 610 1766 680 (ut-

127 706 180 763 gna
198 691 328 757 eluserit,
353 690 556 747 annotationem
579 689 716 745 nominum
745 703 839 743 corum
860 701 923 757 quac
973 692 1062 748 serbis
1082 702 1134 750 tuae
1147 697 1296 753 sanctitatis
1306 697 1412 770 loquar)
1428 698 1493 753 milri
1508 705 1602 757 auctor
1616 699 1682 755 locis
1697 714 1761 770 ape-

127 797 210 854 ”lla
232 783 260 838 ³¹¹
282 783 403 854 ¹¹¹¹ld³¹¹e
426 783 548 853 llll⁰⁵5¹³
568 791 641 848 ⁸⁰⁰¹,
655 779 768 849 ‘filiiflii
790 779 922 848 wiliulfi
973 787 1037 855 ruit,
1059 789 1159 860 proprii
1174 790 1280 849 sudoris
1299 792 1415 860 indicia,
1432 792 1476 848 ubi
1492 802 1672 865 opportunum
1687 794 1762 851 ride·

128 883 282 939 conserver,
297 875 432 945 qnnnouo
457 874 483 928 tn
504 871 671 942 expositione
691 869 829 939 nnsrqetu
852 867 923 924 nesti
973 875 1061 946 batur,
1076 880 1198 936 annexui.
1225 883 1274 949 Qut
1290 883 1315 937 tn
1330 883 1395 954 legis
1410 883 1507 939 atrine
1524 885 1697 941 mediterrone
1710 887 1760 941 esst

129 968 225 1037 htcae,
239 984 321 1042 quam
344 977 407 1024 aute
431 982 516 1022 annos
536 966 683 1036 plurimos,
708 963 852 1018 ausiliante
873 959 921 1016 Del
974 969 1136 1037 nonlutipse
1145 968 1288 1040 scripsisti)
1300 970 1508 1042 diesnoctesque
1517 971 1763 1042 peruigilesduce:e

130 1061 225 1133 gratia,
238 1058 455 1128 composuimus,
472 1065 578 1113 coustat
589 1070 650 1112 esse
662 1055 819 1110 lectitatum.
836 1049 922 1106 0ran-
974 1055 1089 1121 snltlcio,
1104 1073 1156 1112 non
1167 1073 1260 1129 parum
1272 1069 1360 1116 tamen
1369 1062 1448 1116 studii
1464 1077 1506 1117 rue
1518 1063 1544 1117 in
1558 1062 1704 1133 seripturis
1715 1063 1763 1119 iun

131 1163 184 1209 tem
208 1166 258 1223 pro
286 1151 365 1208 nobis
388 1151 557 1206 sanctitatem
581 1156 652 1203 tuam
673 1145 792 1203 eoelcslls
815 1158 924 1214 temper
976 1151 1099 1220 pendisse
1110 1150 1273 1221 nondubito,
1282 1152 1441 1208 eteasolom
1452 1168 1510 1222 qua,
1521 1153 1685 1208 milriaurtor
1694 1153 1762 1209 lucis

130 1244 216 1314 gratia
238 1249 369 1313 protegat.
385 1241 437 1300 set
452 1252 479 1298 et
495 1241 546 1295 lroc
560 1248 623 1296 ante
638 1239 727 1295 omunia
749 1245 860 1293 corrosos
875 1234 922 1306 qui
975 1242 1080 1313 aperire
1099 1242 1221 1313 dignatus
1239 1252 1290 1313 est,
1318 1258 1370 1298 non
1392 1243 1418 1297 in
1440 1244 1490 1298 lune
1504 1253 1605 1299 tantum
1621 1246 1760 1315 opusculo,

132 1336 190 1392 tec
213 1334 284 1390 lorte
308 1333 403 1390 lecturi
422 1342 485 1388 sunt
497 1332 630 1402 deprecor
644 1330 669 1385 iu
694 1328 816 1396 domiuo,
831 1335 860 1381 ut
875 1338 923 1395 pro
974 1335 1021 1391 ned
1036 1335 1146 1390 inomni
1162 1349 1272 1405 prorsus
1286 1335 1400 1391 lectione
1416 1336 1537 1406 potuisse
1550 1336 1649 1404 ridere,
1668 1337 1761 1405 idest,

132 1428 199 1485 meis
211 1437 240 1484 et
253 1428 374 1499 corporis
388 1436 415 1485 et
428 1426 510 1482 animi
535 1424 742 1496 fragilitatibus,
756 1422 826 1494 apud
849 1421 922 1493 pium
975 1438 1047 1483 recte
1070 1426 1210 1484 sentiendo
1224 1427 1391 1498 dignoscere.
1416 1428 1493 1497 Quod
1508 1443 1575 1485 rero
1595 1429 1635 1485 ais
1657 1445 1771 1487 tuerere

131 1519 248 1591 iudicem
263 1517 455 1576 intercessores
470 1516 587 1571 esistere
598 1514 751 1583 dignentur.
975 1517 1103 1590 quosdam
1118 1534 1200 1589 quare
1216 1520 1243 1574 ln
1266 1519 1442 1591 Apocalypsis
1461 1535 1529 1576 nora
1544 1519 1766 1589 intumentium

419 1607 585 1666 nulsione
611 1606 658 1675 lll,
975 1610 1127 1666 llattlrmum
1142 1610 1352 1679 leotti,llarcum
1369 1611 1471 1668 lrumiui
1485 1612 1654 1683 assignarim,
1669 1612 1767 1668 intueri

452 1718 486 1757 sn
509 1715 606 1757 secas.
977 1701 1123 1757 debuerant
1137 1703 1287 1773 quicunque
1303 1703 1340 1759 illi
1356 1711 1419 1758 sunt
1435 1718 1503 1774 quos
1516 1701 1678 1768 memoret,
1694 1702 1768 1773 quod

381 1795 419 1852 lle
432 1794 571 1867 Eoorrqelio
586 1793 673 1848 lucc.
939 1767 1030 1850 Bnon
1045 1794 1095 1850 hoc
1110 1809 1168 1851 mea
1178 1809 1258 1864 nora,
1270 1796 1316 1852 sed
1329 1796 1438 1867 antiqua
1454 1805 1559 1868 patrum
1576 1795 1772 1866 explanatione

168 1888 285 1946 Mutine
310 1888 465 1946 beatissimo
488 1897 515 1944 et
543 1887 654 1943 nimium
676 1881 927 1940 desiderantissimo
978 1886 1102 1942 traditum
1112 1887 1178 1943 dial.
1192 1888 1284 1960 Neque
1297 1889 1368 1945 enim
1382 1889 1446 1945 milri
1461 1905 1477 1944 a
1491 1890 1595 1959 meipso
1608 1888 1645 1944 ita
1658 1889 1766 1956 risum:

132 1981 212 2037 seca
230 1978 360 2050 episeopo
373 1976 445 2036 Beda
465 1977 575 2035 humilis
595 1975 746 2048 presbyter,
763 1975 789 2031 in
814 1972 928 2029 Domitio
976 1978 1023 2033 sed
1038 1977 1073 2033 ita
1097 1978 1204 2034 abesto
1221 1979 1369 2048 Augustino
1391 1980 1542 2050 expositum
1567 1978 1651 2035 luisse
1665 1993 1768 2035 memo·

133 2079 236 2128 aterno
250 2070 379 2126 salutem!
977 2071 1044 2132 ravi,
1058 2077 1084 2125 et
1099 2070 1189 2139 paucis
1211 2070 1292 2126 etiam
1308 2072 1378 2128 unde
1401 2071 1453 2128 ltuc
1472 2070 1619 2127 alllrmaret
1641 2069 1766 2142 adiunxi.

169 2158 236 2216 ilina
251 2174 315 2214 sere
328 2166 381 2225 est,
395 2168 422 2214 et
435 2171 498 2215 tera
512 2159 596 2225 mire,
611 2159 730 2213 doctoris
751 2155 850 2228 egregii
865 2169 927 2210 sen·
976 2159 1059 2230 Cujus
1080 2175 1133 2216 non
1147 2161 1180 2216 als
1193 2176 1222 2216 re
1235 2170 1277 2217 est
1297 2163 1320 2218 si
1339 2163 1396 2233 ipsa
1408 2177 1515 2234 quoque
1530 2166 1610 2220 rerlsa
1624 2173 1767 2234 poueutes,

134 2247 229 2315 tentia,
242 2247 304 2319 qnia
315 2249 429 2303 cirritos
440 2249 525 2304 cossio
537 2249 628 2313 credit,
642 2247 729 2303 omnio
742 2257 840 2319 sperat.
853 2245 927 2301 naus
976 2249 1084 2321 quidde
1096 2251 1267 2321 evangelistis
1281 2253 1322 2309 rel
1339 2255 1408 2326 typis
1423 2269 1515 2310 eorum
1526 2255 1686 2312 animalibus
1704 2269 1768 2311 seu·

134 2353 252 2410 namque
267 2339 301 2394 ad
315 2355 358 2396 me
371 2340 514 2410 epistolis,
530 2348 559 2395 ut
571 2337 661 2410 aliqua
684 2338 731 2395 tilti
751 2337 869 2394 scribam
882 2350 928 2393 ro·
977 2343 1042 2400 serit
1056 2342 1238 2410 ostendamus,
1255 2345 1351 2416 quibus
1375 2355 1403 2403 et
1416 2347 1482 2403 illud
1497 2357 1621 2405 nostrum
1641 2363 1709 2420 opus
1731 2348 1766 2405 als

134 2446 198 2507 gase
218 2439 245 2488 te
268 2429 345 2498 dieis,
359 2442 387 2487 et
408 2432 477 2488 inter
500 2431 660 2503 rogandum,
676 2429 846 2500 necdumque
861 2442 928 2484 meae
978 2434 1076 2505 injusta
1087 2436 1283 2507 uituperatione
1297 2438 1424 2508 salvetur,
1441 2448 1469 2494 et
1481 2441 1533 2497 ltoc
1544 2441 1688 2512 praeposita
1701 2442 1768 2498 tanti

134 2523 321 2580 moseosionis
335 2533 446 2594 accepto
461 2538 602 2594 responso,
617 2520 739 2594 quaesitis
758 2520 927 2588 adltucopo·
977 2525 1097 2582 doctoris
1110 2526 1269 2583 auctoriate
1286 2527 1418 2585 llrmetor.
1440 2526 1509 2586 com
1523 2544 1588 2603 ergo
1606 2531 1690 2588 multa
1711 2530 1770 2604 pul·

134 2616 218 2671 seulis
231 2617 308 2688 qussi
321 2616 377 2689 jann
397 2618 536 2685 acquisitis
548 2631 580 2671 ae
595 2616 713 2687 perlecte
735 2613 929 2671 consummatis
978 2620 1043 2675 cirre
1061 2627 1089 2674 et
1101 2618 1200 2676 esimle
1214 2618 1249 2676 de
1263 2620 1436 2691 evangelistis
1454 2622 1480 2676 iu
1495 2621 1564 2678 libro
1577 2621 1612 2678 dc
1625 2621 1768 2681 Consctrsn

136 2704 301 2775 prelationis
313 2706 477 2777 signaculum
500 2705 603 2763 condis.
627 2705 750 2761 Nondum
774 2702 929 2761 laudamine
979 2724 1071 2764 eorum
1085 2710 1171 2777 primo
1182 2711 1364 2780 promisisset,
1375 2712 1538 2784 jungitioter
1551 2723 1648 2770 enters
1659 2716 1770 2772 dicens:

134 2800 217 2874 lacto,
231 2815 285 2857 non
297 2802 378 2858 allata
388 2802 483 2859 saltem
498 2804 620 2880 materia,
633 2803 691 2875 ipse
702 2803 777 2874 quasi
792 2801 929 2875 completo
981 2800 1013 2855 Et
1022 2800 1143 2869 quumvis
1153 2799 1251 2871 singuli
1266 2816 1343 2857 suum
1356 2802 1498 2873 quemdam
1509 2804 1635 2861 narrandi
1645 2803 1771 2861 ordinem

135 2890 188 2964 iana
211 2893 276 2948 tanti
300 2892 399 2951 laboris
424 2893 664 2962 susurramine
684 2894 781 2966 quibus
804 2893 929 2949 introitus
980 2892 1097 2948 tenuisse
1111 2890 1263 2959 rideantur,
1291 2900 1449 2949 nontamen
1471 2895 1652 2965 unusquisque
1675 2908 1770 2951 eorum

137 2983 272 3039 muniatur
280 2982 385 3056 dirigis,
394 2993 423 3040 ut
433 2985 533 3056 pudeat
545 2999 598 3041 non
609 2985 663 3040 cito
674 2984 767 3041 subire
781 3000 848 3054 opos
859 2982 929 3054 quod
981 2982 1053 3036 selut
1067 2981 1177 3037 alterius
1200 2982 1376 3051 praecedentls
1390 2983 1499 3054 ignarus
1518 2985 1634 3041 soluisse
1648 2985 1768 3043 scribere

137 3073 188 3131 cito
201 3073 383 3140 subeundum,
399 3074 478 3132 citius
493 3076 653 3145 explendum
669 3074 736 3131 lides
750 3076 836 3131 amssca
858 3090 928 3146 pra·
982 3071 1123 3141 reperitur,
1137 3073 1177 3127 sel
1193 3076 1313 3144 ignorata
1327 3075 1531 3145 praetermisisse
1550 3091 1610 3146 qum
1629 3078 1777 3150 scripsisse-

138 3175 235 3221 ssmat.
259 3164 318 3222 lion
343 3166 400 3223 nee
423 3176 497 3224 certe
510 3167 562 3223 alia
581 3182 660 3238 quam
675 3165 824 3223 indubitata
839 3165 924 3220 mutui
983 3166 1051 3220 alius
1064 3165 1210 3231 inuenitur,
1230 3164 1277 3222 sed
1289 3167 1358 3224 sieut
1378 3169 1523 3239 unicuique
1544 3169 1704 3241 inspiratum
1719 3182 1772 3234 ost,

139 3256 236 3314 idneia
249 3257 313 3315 lacit
324 3258 435 3325 amoris,
447 3258 549 3329 qucede
562 3259 650 3314 autrico
661 3266 770 3328 pectore
780 3257 820 3328 (ot
831 3255 931 3312 dictum
981 3271 1034 3313 non
1049 3256 1212 3327 superfluam
1227 3260 1449 3328 cooperationem
1464 3260 1506 3316 sui
1522 3261 1623 3317 lalroris
1635 3259 1766 3329 adionsin

139 3349 190 3420 est)
204 3348 296 3404 omnia
311 3350 439 3405 duntaxat
454 3364 515 3420 quaa
529 3348 588 3405 lieri
602 3356 715 3419 possunt
729 3348 828 3412 credit,
841 3345 930 3404 omnia
981 3345 1047 3401 n'am
1062 3346 1202 3402 llattltaus
1219 3347 1371 3417 suscepisse
1385 3348 1543 3419 intelligitur
1559 3347 1775 3404 incarnationem

139 3453 237 3516 sperat
255 3440 332 3499 unde
344 3449 433 3510 elego
446 3456 511 3497 nuos
527 3440 604 3499 lectis
626 3449 679 3498 toea
691 3441 853 3497 dulcissimae
869 3455 932 3496 san·
983 3439 1088 3494 Domini
1099 3439 1246 3496 secundum
1256 3442 1368 3511 stirpem
1380 3439 1526 3510 regiam‚et
1537 3439 1665 3509 pleraque
1677 3453 1777 3494 secum

139 3536 238 3595 ctltstls
254 3534 385 3608 paginulis
397 3534 507 3604 injuncti
522 3547 566 3590 me
584 3532 676 3605 operis
689 3532 775 3589 labori
790 3532 931 3603 supposui,
982 3532 1045 3587 dum
1055 3531 1194 3587 horninum
1216 3539 1377 3600 presentem
1391 3530 1473 3586 sitam
1488 3528 1557 3584 lacta
1573 3537 1602 3584 et
1616 3529 1687 3583 dicta
1702 3528 1771 3597 ejus.

139 3629 163 3683 in
174 3643 229 3699 quo
242 3629 286 3697 (ut
307 3629 446 3682 innumera
460 3623 616 3681 monasticae
628 3624 768 3681 servitutis
782 3623 932 3679 retinacula
983 3621 1086 3677 ilareus
1096 3621 1167 3677 enim
1179 3620 1340 3677 sulssecutus
1351 3631 1476 3690 tanquam
1492 3620 1669 3691 pedissequus
1680 3622 1773 3675 ctlsre·

140 3720 309 3787 preteream)
325 3719 382 3789 ipse
405 3717 469 3773 milti
485 3717 600 3773 dictator
620 3713 701 3771 simul
723 3714 843 3770 notarius
858 3722 887 3770 et
899 3715 932 3770 li·
984 3710 1068 3767 tiator
1092 3708 1152 3781 ejus
1166 3710 1281 3766 ridetur.
1297 3709 1363 3766 Cum
1385 3709 1444 3766 solo
1468 3710 1567 3780 quippe
1581 3709 1686 3767 loasrne
1706 3709 1775 3766 uiltll

140 3814 243 3870 tussim
267 3814 420 3870 existerem.
444 3812 655 3883 aggregatisque
680 3809 743 3865 irinc
766 3809 829 3864 inde
856 3807 933 3879 quasi
983 3803 1061 3870 dixit,
1076 3803 1149 3859 solos
1164 3802 1222 3873 ipse
1235 3816 1377 3873 perpauca,
1394 3817 1454 3857 ctttn
1469 3800 1527 3858 solo
1547 3801 1616 3857 Luca
1636 3801 1781 3871 pauciora,

139 3903 329 3976 insignissimis
340 3904 547 3975 acdigoissltnis
558 3903 623 3957 tanti
638 3903 759 3957 muneris
772 3900 931 3966 attilicinus,
984 3913 1045 3953 cum
1057 3891 1779 3964 llattlraoteroplurima,etmultapenetotidesuat-
1858 3918 1862 3928 ·

138 3996 279 4070 opusculis
292 3994 412 4063 Petrum,
427 3997 489 4067 quid
506 3996 600 4050 lreatus
611 3993 780 4061 Ambrosius,
796 3992 859 4063 quid
875 3992 932 4047 Au·
985 4003 1037 4058 que
1052 3989 1108 4058 ipse
1123 3985 1211 4042 uerbis
1223 3985 1280 4041 sire
1295 3999 1355 4040 curn
1368 3983 1426 4040 solo
1440 3985 1497 4040 sire
1519 3982 1700 4039 cum'catents
1712 3997 1780 4038 con·
1859 3999 1862 4003 ’

137 4091 281 4161 gostinus,
310 4088 374 4159 quid
400 4088 516 4159 denique
539 4087 686 4158 Gregorius
711 4085 934 4157 vigilantissimus
985 4091 1110 4138 sonante.
1125 4075 1387 4135 Lucasauterncirca
1398 4074 1592 4130 sacerdotalem
1604 4073 1780 4130 Doministir·

137 4186 226 4258 [jurata
246 4197 326 4239 suom
349 4183 458 4254 nomeu)
476 4190 573 4237 orostrae
594 4182 683 4252 gentis
705 4181 855 4250 apostolus,
871 4180 933 4248 quid
987 4182 1279 4244 pematquepersonatn
1291 4168 1374 4236 magis
1384 4173 1530 4236 occupatus
1540 4175 1661 4234 apparet.
1673 4164 1739 4218 llam
1750 4174 1781 4220 et

135 4275 321 4346 llieronymus
345 4287 428 4329 sacrae
448 4275 579 4343 interpres
603 4273 734 4340 luistoriae,
755 4274 818 4342 quid
842 4275 934 4330 caeteri
986 4267 1114 4334 adipsum
1127 4261 1272 4318 Bariduum
1284 4259 1386 4328 regium
1398 4266 1511 4312 stemma
1526 4266 1633 4312 secutus
1645 4256 1777 4325 ascendit,

134 4367 235 4426 latres
248 4368 276 4422 in
288 4366 359 4422 lssati
372 4367 451 4422 Luoae
467 4365 556 4422 serbis
569 4365 714 4433 senserint,
726 4365 788 4437 quid
805 4366 933 4431 dixerint,
986 4358 1034 4413 sed
1049 4371 1096 4427 per
1110 4370 1157 4411 eos
1172 4354 1215 4423 qui
1231 4366 1307 4423 reges
1323 4367 1375 4404 non
1389 4348 1506 4413 luerunt,
1518 4347 1572 4403 erit
1582 4347 1616 4401 ad
1627 4346 1729 4401 llatlran
1744 4346 1777 4401 ll·

129 4455 296 4528 diligentius
315 4454 448 4526 inspicere
461 4456 546 4527 sategi
558 4473 565 4524 ;
582 4454 791 4526 mandatumque
806 4456 934 4511 contiuuo
949 4480 977 4540 1)
989 4450 1053 4502 ¹5⁰¹ss
1065 4444 1212 4514 nantd,qoi
1224 4458 1273 4498 ¹¹⁰0
1284 4444 1340 4511 ipse
1352 4456 1397 4495 ¹⁶¹
1410 4439 1535 4494 full-Ml
1547 4437 1617 4494 sieut
1629 4437 1780 4505 ⁸³¹²¹¹²⁸l¹⁵r

129 4545 289 4609 sebmlulis,
305 4551 333 4600 ut
351 4543 472 4615 inssisti,
487 4546 528 4600 sel
549 4544 615 4615 ipsis
638 4561 733 4602 corum
756 4546 877 4618 syllabis,
894 4549 934 4604 rel
988 4543 1032 4613 qui
1048 4557 1094 4611 per
1109 4539 1278 4595 Salomonem
1289 4549 1380 4605 regem
1393 4533 1561 4590 descendens
1570 4541 1683 4587 caeteros
1696 4529 1783 4584 etlam

128 4647 214 4695 certe
227 4636 308 4702 meis,
323 4635 460 4692 ltrerlandi
475 4653 567 4707 causa,
583 4638 767 4708 sermonibus,
784 4650 811 4694 ut
828 4640 936 4695 ridelra-
990 4647 1067 4703 reges
1089 4647 1122 4685 ex
1146 4630 1239 4684 ordine
1255 4634 1411 4696 persecutus
1427 4633 1478 4689 ⁰⁵¹,
1498 4636 1610 4678 serrous
1634 4618 1783 4691 ensisque

129 4738 192 4797 tur,
207 4729 295 4789 edidi.
310 4728 429 4795 Quorum
443 4732 504 4800 quia
518 4745 662 4800 operosum
683 4741 743 4788 erat
755 4732 883 4787 uocabula
896 4732 937 4787 in·
990 4740 1043 4797 quo
1058 4733 1147 4793 postea
1162 4719 1307 4788 loquimur)
1323 4720 1462 4788 mysticum
1474 4727 1626 4768 tttrmerum·
1649 4709 1778 4766 Dominus

129 4831 280 4880 tesserae
290 4821 564 4895 persingula,etquid
577 4838 592 4877 a
603 4839 656 4895 quo
669 4833 780 4882 eructare
791 4826 936 4881 sinelicium
991 4819 1061 4874 enim
1080 4814 1158 4869 lesos
1171 4809 1305 4875 Clrristus,
1327 4821 1395 4862 unus
1409 4819 1487 4860 verus
1503 4819 1548 4858 ras
1574 4814 1601 4858 et
1616 4817 1684 4857 ursus
1698 4815 1784 4857 serus

129 4915 303 4974 nominatim
324 4915 484 4982 ostendere,
509 4917 679 4972 commodum
704 4917 768 4974 duni
792 4918 899 4975 eminus
921 4933 937 4976 e
992 4907 1129 4970 sacerdos,
1144 4904 1208 4960 illud
1224 4902 1257 4956 ad
1273 4899 1404 4971 regendos
1426 4913 1485 4962 nos,
1507 4899 1557 4951 lroc
1571 4896 1605 4951 ad
1618 4895 1776 4964 expiandos,

128 5007 229 5066 latere
244 5007 346 5077 primas
360 5008 497 5063 nominum
520 5008 625 5063 litteras
650 5006 814 5077 imprimere,
836 5024 937 5080 perque
991 5002 1040 5057 ltas
1058 4999 1124 5055 duas
1139 5007 1265 5065 personas
1279 4990 1347 5061 apud
1362 4989 1455 5045 Patres
1470 4987 1625 5060 singilatim
1641 5001 1779 5043 commetr-

131 5102 191 5158 ltas
207 5099 310 5156 viritim
326 5097 512 5169 unicujusque
528 5099 635 5156 Patrum
652 5101 774 5169 incipiat,
789 5101 832 5157 arbi
846 5116 938 5158 sermo
991 5095 1067 5150 datas
1080 5104 1155 5148 allam
1171 5087 1281 5154 fldlmffl
1295 5083 1382 5152 ‘liliis
1393 5081 1547 5137 declararit.
1565 5082 1596 5135 Et
1612 5080 1779 5150 paulopost:

133 5208 226 5264 spuens
240 5190 365 5246 transtuli
376 5191 490 5258 desinat,
498 5191 632 5258 iutimare,
640 5191 771 5246 sollicitus
783 5206 829 5260 per
837 5191 937 5257 omnia,
993 5185 1145 5245 Secundum
1159 5183 1294 5238 ltomlnetu
1309 5177 1416 5246 quippe
1428 5175 1549 5229 lilrristus
1565 5174 1674 5246 (ioquin)
1689 5183 1716 5227 et
1731 5187 1784 5226 res·

135 5298 179 5340 sse
191 5282 326 5350 majorum
341 5280 410 5336 dicta
425 5281 519 5350 lorari,
534 5290 564 5339 et
578 5282 634 5338 ltaec
648 5283 724 5353 quasi
748 5296 808 5337 mea
832 5284 940 5354 propria
994 5289 1020 5335 et
1036 5276 1161 5334 sacerdos
1173 5272 1282 5328 ellectos
1296 5281 1348 5324 est.
1363 5269 1413 5324 Cui
1424 5268 1496 5323 dedit
1509 5268 1578 5322 deors
1590 5268 1682 5322 aedem
1699 5265 1784 5319 ltasid

135 5389 314 5443 mmmm
327 5373 398 5430 ,pepp
410 5384 435 5429 ι,
997 5370 1078 5441 pppis
1093 5367 1134 5422 qui
1155 5374 1194 5431 ot,
1218 5362 1292 5432 rugai
1306 5361 1363 5427 ejus
1380 5375 1432 5414 nort
1447 5368 1520 5413 osset
1531 5357 1602 5421 linis,
1616 5367 1642 5412 et
1663 5363 1735 5409 esset
1748 5353 1786 5409 ad

184 5468 351 5537 ilultumque
364 5467 487 5533 obsecro,
504 5477 530 5523 et
546 5482 592 5535 per
608 5466 748 5522 Dominum
763 5465 881 5536 tegentes
892 5467 942 5523 ols-
996 5456 1215 5528 interpellandum
1233 5469 1281 5523 pun
1294 5451 1370 5507 uoltis
1386 5450 1516 5505 mediator
1531 5448 1576 5502 Del
1597 5458 1624 5500 et
1640 5447 1783 5500 hominum

140 5568 246 5631 testor,
261 5569 290 5615 ιιι
303 5561 325 5615 si
338 5559 385 5630 qui
405 5559 475 5615 lorte
491 5568 582 5615 nostra
595 5559 654 5616 haee
666 5559 862 5630 qualiacunque
875 5566 941 5616 sout
996 5552 1076 5606 ltttmo
1095 5546 1217 5602 Christus
1238 5542 1327 5599 Jews·
1351 5540 1408 5595 Non
1432 5549 1520 5594 autem
1545 5536 1635 5591 lubuit
1655 5548 1785 5606 tattonem

168 5704 201 5824 ui·
215 5696 377 5824 llaeGsigna,
393 5693 519 5766 inspectis
542 5691 632 5748 attollis
651 5689 849 5762 esernplaribus
870 5702 935 5747 sene
952 5701 1033 5761 quam
1048 5685 1171 5756 uetustis,
1194 5683 1219 5738 in
1234 5681 1305 5737 nrtllo
1337 5679 1418 5752 (tunde
1433 5674 1565 5745 dolemus)
1602 5673 1785 5746 reperiretis·

149 5774 166 5823 t
194 5783 260 5827 tutas.
301 5780 368 5824 uss.
