3802 6126
126 296 186 354 set

540 288 637 348 Secu.
652 283 697 346 ΙΙΙ.
720 317 755 328 -
776 285 940 344 canutus.
960 311 995 324 ·-·
1016 283 1095 341 titt
1116 283 1147 340 S.
1168 279 1374 340 ctttttttetttt

1713 283 1766 339 586

125 403 243 463 cacat
263 402 335 459 iiix.
363 400 481 468 Qualiter
502 399 570 456 sorni
590 416 781 469 nonunquam
802 400 856 453 uiro
877 395 924 451 llei
938 399 963 456 Α
978 395 1764 469 Excubiasque,inruensque,prosecutionemquelaborent,

226 473 384 537 intulerant,
397 471 513 543 precibus
527 480 552 526 et
565 487 668 527 uturum
682 470 826 541 purgarint.

166 584 326 642 Discindunt
339 581 412 638 corui
428 583 504 654 nigro
520 581 569 636 sub
583 581 695 637 crimine
711 588 827 650 pactum,

128 676 335 746 Ellriuguntquc
347 673 454 736 donnus,
471 681 602 741 ruptoque
615 686 630 727 e
644 669 763 726 culmine
776 671 878 726 cttlmos

128 767 160 821 lu
174 767 293 838 propria
305 764 423 836 gaudent
438 762 582 817 transferre
596 761 693 816 cubilia
710 763 803 830 prolis.

129 859 186 914 llos
201 857 270 912 ratis
283 871 390 912 cessare
405 862 510 918 monet;
526 855 678 924 spretisque
692 854 819 918 suadelis,

129 947 284 1016 Hospitium
299 946 409 1000 fratrum
424 944 488 1015 quid
504 945 563 1015 (ait)
580 944 718 999 laceratis?
731 944 813 1009 abite,

129 1040 216 1112 liujus
231 1050 260 1096 et
273 1049 394 1094 extorres
409 1038 502 1107 patria
516 1038 611 1094 durate
626 1054 673 1108 per
687 1053 783 1092 aratu.

129 1135 260 1199 Dixerat,
273 1144 300 1190 et
314 1133 405 1188 tristes
418 1132 533 1203 abeunt„
551 1131 691 1200 triduoque
704 1140 813 1200 peracto

130 1229 212 1284 Alter
222 1226 301 1283 adest
315 1226 381 1291 rati,
397 1224 561 1295 pedibusque
576 1225 681 1279 volutus
695 1232 722 1278 et
736 1223 786 1278 alis

130 1319 257 1388 Lugubre
271 1318 372 1386 sparsis
387 1317 493 1371 reniam
509 1315 676 1384 reditumque
690 1324 824 1384 precatur.

133 1409 237 1464 Patrata
254 1409 299 1478 qui
313 1422 379 1475 pace
394 1405 473 1474 redit,
489 1406 647 1475 sociumque
659 1405 763 1461 reuisit.

130 1499 252 1555 nauum
267 1497 346 1553 anrbo
360 1497 474 1552 reuinnt
486 1496 600 1559 alacres,
613 1494 773 1564 adipemque
786 1494 891 1549 suillam

132 1589 231 1647 Secum
245 1588 325 1659 digua
340 1586 430 1641 iertrnt
443 1587 498 1640 rou
512 1585 593 1651 duna,
609 1586 725 1656 unguine
738 1585 815 1654 cttjus

133 1680 315 1735 Calciamenta
331 1677 392 1745 pius
406 1677 511 1731 mollire
524 1677 636 1739 valeret,
651 1684 679 1729 et
692 1675 753 1731 eain

135 1769 251 1824 lunocao
264 1767 385 1823 condunt
399 1767 452 1821 illic
465 1780 513 1821 sua
528 1775 596 1820 tecta
612 1775 714 1833 paratu.

168 1860 238 1928 Quid
254 1857 310 1913 iera
325 1856 485 1927 praetumido
499 1855 604 1911 cernit-e
619 1854 742 1920 superbia
757 1853 865 1909 ierresl

136 1951 220 2006 Cerne
236 1951 305 2003 riam
320 1949 405 2014 corui,
421 1955 562 2002 eloacam
578 1947 685 2015 depone
699 1944 827 2008 furorem,

137 2046 183 2114 Qui
200 2045 327 2117 precibus
342 2056 440 2097 notatu
455 2041 573 2110 fletuque
586 2049 612 2095 et
628 2052 740 2093 ururtere
754 2027 858 2106 purgat.

138 2138 188 2192 llec
204 2139 302 2207 pudeat
316 2139 377 2188 r'uae
391 2135 528 2188 voluerum
544 2134 700 2202 depectere
716 2130 827 2184 lormaur

138 2228 259 2297 Sumere,
276 2244 337 2283 cum
353 2234 459 2280 rutumat
476 2224 635 2294 Sapientia:
654 2221 766 2290 llespice
780 2221 861 2276 calles

137 2325 207 2391 Quos
220 2323 331 2376 lucanica
347 2328 426 2385 terat,
440 2332 603 2387 sen-umque
617 2316 726 2370 addisce
739 2328 876 2384 sagacem.

975 487 1015 541 nd
1031 498 1120 543 rotant
1134 485 1249 557 gaudent
1266 486 1341 556 proni
1355 485 1460 541 inerrare
1475 488 1601 556 regentis.

976 578 1017 634 ile
1029 593 1143 649 quorum
1159 576 1257 633 multos
1270 577 1332 632 nitu
1347 591 1394 647 per
1408 576 1525 632 culrnina
1540 578 1614 645 ttoni,
1683 610 1686 618 ·

977 670 1079 739 Perque
1095 670 1261 740 prophetalis
1275 670 1364 724 radios
1379 669 1476 739 praeire
1489 669 1602 738 sopbiae,

978 763 1090 818 liuisilus
1103 777 1118 818 c
1132 762 1228 832 quibus
1243 771 1285 817 est
1298 761 1412 816 blailrosi
1427 761 1511 830 gloria
1528 771 1624 825 coetus,

977 854 1062 920 Quem
1077 862 1159 909 totam
1175 853 1285 909 memini
1300 855 1436 923 quondum
1450 852 1513 907 nuilui
1530 853 1647 924 pandere
1661 850 1751 915 uitam,

977 944 1042 1010 Quae
1057 942 1218 999 mercaturi
1234 944 1351 998 restabat
1368 944 1393 997 in
1407 943 1502 997 ordine
1516 945 1598 1000 snei.

980 1034 1062 1089 Unius
1076 1043 1104 1088 ct
1116 1032 1201 1088 sulum
1216 1032 1231 1073 b
1244 1044 1353 1103 superat
1365 1035 1497 1089 seruantia
1512 1033 1598 1098 uerbi,

978 1124 1064 1191 Quam
1080 1138 1207 1193 cuperem
1224 1138 1375 1193 nunquam,
1393 1123 1472 1179 iaciat
1487 1124 1558 1181 licus
1571 1125 1672 1180 arbiter
1686 1125 1771 1184 orbis.

1015 1217 1077 1269 lluc
1090 1229 1167 1269 sacer
1181 1215 1270 1270 aiebat
1283 1213 1384 1281 senior,
1398 1218 1459 1285 quia
1475 1224 1601 1285 praescios
1616 1216 1703 1287 ipsunt

980 1309 1140 1366 Pontificem
1152 1309 1282 1377 altiloquo
1295 1310 1453 1379 predixerat
1468 1325 1515 1364 ore
1531 1309 1658 1366 iutururn.

979 1438 1093 1498 CAPUT
1113 1440 1197 1497 xxtt.
1224 1439 1373 1523 Prophetis·
1388 1442 1504 1512 ejusdem
1524 1443 1559 1497 de
1580 1443 1633 1498 sito
1656 1442 1773 1516 Ecglridt'

1199 1528 1279 1583 repat,
1294 1522 1318 1567 et
1331 1524 1482 1583 episcopatu
1494 1529 1554 1570 arto.

1016 1623 1137 1692 Cumque
1150 1623 1222 1695 mum
1237 1622 1327 1679 cuncti
1341 1622 1489 1694 gauderent
1501 1625 1589 1679 risere
1603 1634 1701 1692 ratem,

982 1714 1046 1784 liius
1060 1725 1087 1770 et
1100 1727 1177 1769 oratu
1191 1715 1279 1771 cordis
1291 1729 1454 1785 componere
1469 1715 1583 1783 domun

981 1807 1050 1861 Ecce
1063 1806 1133 1861 alios
1146 1806 1215 1862 iuter
1228 1807 1312 1878 signis
1326 1807 1484 1862 sublimibus
1496 1816 1555 1862 acta

980 1897 1059 1967 [legia
1077 1907 1088 1934 ⁶
1103 1901 1177 1970 uirgo
1191 1901 1276 1966 venit,
1291 1900 1361 1970 regis
1375 1914 1434 1968 quae
1448 1915 1547 1968 sponsa
1562 1904 1686 1970 perennis

981 1986 1130 2058 Virgineus,
1144 1990 1277 2060 paradise,
1293 1992 1331 2045 tui
1345 1991 1396 2045 sub
1407 1991 1501 2060 gaudia
1517 1993 1592 2062 regui

980 2080 1064 2136 Mater
1076 2091 1148 2136 casta
1163 2081 1263 2137 ulturos
1277 2095 1400 2154 generat,
1414 2095 1555 2155 ratemque
1571 2093 1693 2154 precatur

980 2175 1105 2245 dignetur
1119 2173 1243 2230 lamulam
1259 2175 1367 2230 rnottitis
1382 2175 1489 2232 llrmare
1502 2178 1636 2245 supernis.

979 2267 1089 2334 drrttuit,
1104 2277 1142 2331 et,
1159 2267 1244 2336 pelagi
1258 2277 1384 2334 superato
1397 2270 1512 2337 gurgite,
1528 2271 1620 2338 puppi,

981 2358 1163 2429 ngreditur,
1177 2356 1308 2426 dictisque
1320 2357 1393 2410 illanc
1408 2357 1470 2410 duru
1486 2358 1583 2413 abatur
1596 2359 1690 2415 andeis

138 2457 249 2516 catut
269 2455 330 2512 xx.
357 2454 473 2523 Qualiter
486 2456 543 2537 ejus
560 2453 752 2508 necesitatibna
766 2451 841 2505 etiam
856 2466 930 2506 more
979 2448 1115 2504 Femiueis
1130 2449 1217 2503 subito
1231 2447 1328 2518 rogitat
1341 2449 1381 2504 sic
1395 2449 1471 2503 annin
1485 2451 1567 2505 curis.

470 2525 593 2579 seroterit.

173 2637 242 2705 Quid
257 2635 372 2692 teletam
388 2649 525 2704 equoreas
537 2633 611 2703 justo
627 2634 777 2688 famularier
792 2634 887 2702 untias,

130 2726 354 2796 Obsequiumque
367 2725 421 2781 illis
433 2727 565 2781 eletuenta
581 2724 746 2794 impendere,
761 2725 806 2794 qui
821 2739 851 2778 se

133 2816 259 2886 imperiis
272 2817 391 2872 subdunt
402 2816 497 2871 devota
511 2825 601 2870 mente
615 2815 754 2882 superuis.

127 2906 256 2978 [iamque
271 2908 327 2963 suis
339 2907 458 2962 casulam
473 2915 624 2961 structurus
639 2904 675 2959 ibi
689 2905 780 2959 ausibus
791 2913 892 2972 agatem,

128 3003 221 3068 Quam
237 3012 250 3038 ¹
265 3002 371 3056 basesa
385 2999 458 3070 ponti
473 2998 578 3054 luleiret
591 3007 677 3067 parte,
693 2996 804 3067 rugabat

125 3089 308 3148 Conveniens
322 3090 396 3157 operi
410 3090 505 3144 iratres
519 3088 652 3144 adducere
664 3088 776 3158 liguum.

128 3184 187 3250 Qui
201 3185 276 3239 obliti
291 3183 404 3248 rediere,
419 3181 500 3238 maris
513 3181 561 3237 sed
576 3181 714 3252 protimus
727 3189 811 3237 aestus

130 3275 230 3330 Attulit
241 3290 251 3341 ;
264 3284 303 3340 et,
319 3275 415 3328 mirum
429 3273 520 3328 dietat
534 3273 589 3341 iam
604 3273 695 3328 limine
708 3272 737 3327 in
751 3277 810 3342 tpso
860 3299 891 3349 5,

129 3367 197 3434 (luo
211 3368 297 3421 luerat
309 3365 390 3420 corde
405 3364 488 3431 illius,
503 3363 655 3418 [nodamina
672 3363 734 3417 tecti
863 3357 884 3368 ”’

132 3459 260 3513 Pandere
274 3455 407 3525 deposuit,
424 3455 616 3523 bominumque
630 3452 727 3507 obliuia
743 3461 840 3521 pontus

130 3545 269 3618 lucrepat,
285 3558 312 3603 et
327 3556 419 3600 nautas
433 3562 481 3599 sua
497 3545 616 3600 crrrrcutit
629 3543 698 3599 unda
715 3544 826 3614 pudore.

134 3659 254 3715 CAPUT
273 3658 344 3713 xlll.
367 3656 501 3724 erourodo
515 3657 649 3709 multitud
663 3672 690 3709 te
706 3655 862 3710 uenientibus
875 3672 931 3709 mo·

176 3730 229 3783 uita
250 3729 315 3781 dous
335 3729 435 3792 attinio,
453 3728 558 3797 irnqiles
572 3727 717 3796 exposuerit
736 3728 833 3795 antiqui
853 3728 932 3779 bostis

174 3799 290 3853 lusidius.

176 3911 256 3966 Fama
272 3913 337 3966 citat
351 3912 449 3967 multos
461 3912 529 3966 nattis
543 3912 584 3982 pia
598 3925 720 3982 qumrere
734 3912 815 3977 dicta,

140 4001 174 4057 Et
187 4003 291 4058 bibulas
303 4002 432 4057 adbibere
444 4002 518 4057 sonis
531 4002 685 4058 scelestibus
699 4016 788 4067 aures,

138 4095 214 4160 Quos
229 4097 301 4148 naria
315 4094 404 4149 cordis
418 4094 503 4149 lessos
517 4109 533 4149 a
545 4095 621 4150 clade
635 4095 745 4150 leuaret.

141 4187 208 4243 llius
222 4197 251 4242 at
266 4188 310 4243 ille
323 4201 399 4242 sacro
413 4202 545 4242 renovans
560 4188 691 4243 solamine
706 4195 828 4256 moestos,

142 4277 241 4332 Gaudia
256 4292 360 4331 summa
377 4276 429 4346 poli
444 4277 549 4332 curretis
562 4277 702 4346 ssrtrosque
716 4275 810 4331 caduci

142 4368 338 4423 Commemorat
352 4367 429 4422 luxus
441 4369 525 4435 saecli,
540 4368 681 4435 variasque
697 4368 841 4437 malignum

142 4458 263 4512 Tendere
276 4457 422 4525 decipulas,
437 4456 541 4512 Douniui
556 4471 607 4527 qua
621 4457 707 4511 trtrdus
719 4471 811 4511 amore

144 4552 258 4605 bebatur
272 4549 370 4604 misere
384 4563 497 4614 sensus;
512 4550 558 4605 sed
573 4549 623 4604 tela
640 4549 700 4604 ildei

144 4645 321 4713 Perrumpaut
334 4654 431 4698 vacuas
445 4644 518 4698 nullo
533 4645 688 4698 discrimine
703 4644 820 4700 fraudes.

178 4738 219 4793 lle
232 4738 347 4808 quoties,
362 4738 456 4807 iuquit,
469 4739 540 4793 celsa
555 4739 588 4794 de
600 4755 665 4808 rupe
679 4740 786 4794 nelaudi

144 4830 309 4897 Praecipitem
323 4829 448 4884 tuittrrntl
463 4830 567 4899 quoties
581 4831 613 4884 ad
630 4840 735 4899 pectora
750 4847 813 4886 sara

146 4925 209 4975 ncta
221 4923 327 4976 rotanti
345 4920 418 4973 nullo
434 4936 531 4976 noceor
545 4922 591 4975 sed
608 4921 692 4976 bostis
706 4924 740 4977 ab
755 4924 819 4988 ictu,

146 5010 261 5079 Credite,
278 5026 328 5067 uec
343 5012 412 5067 laesit
427 5029 546 5069 summas
558 5014 669 5070 oliensiu
683 5016 796 5084 plantas,

148 5102 199 5158 Nec
214 5103 335 5159 modicas
348 5107 436 5159 saltim
452 5106 536 5177 tetigit
551 5107 696 5173 precordia
713 5117 809 5163 terror.

148 5192 199 5248 liec
210 5196 285 5264 quasi
300 5209 403 5250 summa
419 5211 484 5250 urea
499 5197 627 5264 stupeatis
640 5199 755 5252 culmina
769 5201 841 5265 rita,

151 5284 290 5340 Blanditias
302 5287 373 5354 quod
387 5301 438 5355 ego
453 5287 514 5341 luta
529 5288 638 5343 lallente
651 5290 781 5358 superbas

149 5376 224 5432 Calce
238 5388 340 5443 terens,
358 5378 469 5432 bonrino
483 5381 586 5448 cupiam
602 5391 720 5435 secretus
733 5381 837 5437 adesse.

150 5469 252 5523 Arctior
266 5479 308 5523 est
322 5470 454 5531 rnnnaclti,
468 5487 526 5540 qum
540 5488 645 5542 semper
659 5474 763 5528 subdita
776 5474 857 5545 jussis

152 5558 204 5614 iila
217 5562 268 5615 sub
282 5562 397 5630 imperio
409 5565 492 5616 sarrit
504 5563 598 5619 deuota
614 5565 733 5634 parendi,

181 5685 193 5710 ¹
213 5677 268 5741 nt,
286 5678 363 5731 basis.

182 5745 195 5784 ὓ
215 5748 347 5816 Superest.

291 5841 428 5902 curuos.
452 5840 562 5903 XClV.

1015 2541 1073 2596 lam
1087 2542 1172 2596 claret
1185 2541 1273 2595 meriti
1290 2550 1317 2595 te
1331 2556 1386 2609 prae
1401 2543 1503 2612 lulgore
1516 2544 1627 2602 nitentis

980 2633 1094 2689 Praecla
1109 2633 1230 2688 uenturis
1244 2634 1384 2689 intendere
1399 2633 1497 2689 lumina
1512 2637 1609 2691 saeclis.

982 2724 1118 2793 biserga,
1134 2723 1229 2793 adiuro
1243 2724 1340 2779 summi
1359 2741 1406 2793 pur
1419 2740 1500 2796 regna
1513 2726 1653 2793 'lrrnautis

983 2815 1122 2885 Ceglridus
1134 2813 1275 2884 imperium
1287 2816 1359 2884 quod
1374 2816 1408 2870 sit
1423 2828 1545 2871 recturus
1560 2817 1586 2871 in
1600 2818 1707 2872 evurtii

982 2904 1051 2961 Vera
1065 2905 1107 2961 cui
1122 2905 1204 2961 dubio
1220 2907 1310 2974 pandit
1325 2920 1450 2962 sermone
1464 2907 1618 2977 propbetes.

1018 2998 1110 3068 llegna
1124 3013 1204 3054 uocas
1219 2997 1338 3067 longara
1353 3000 1450 3066 uirum,
1464 3016 1523 3069 qua·
1537 3001 1682 3071 quamlibet
1694 3003 1774 3059 anuis

943 3114 965 3178 C
982 3089 1107 3148 Centenis
1121 3101 1238 3159 extenta,
1255 3092 1328 3147 brevi
1342 3094 1500 3148 claudentur
1515 3098 1541 3149 in
1558 3096 1632 3162 bora,

984 3187 1016 3241 Et
1032 3187 1107 3243 nilrili
1124 3187 1202 3241 unius
1215 3187 1294 3240 lutus
1309 3187 1475 3252 reputabitur
1487 3190 1560 3250 anni,

982 3277 1054 3332 blors
1067 3276 1111 3330 ubi
1125 3276 1283 3346 languentes
1296 3275 1452 3331 dillnnditur
1466 3288 1521 3332 atra
1535 3293 1583 3347 per
1595 3287 1678 3334 artus.

1018 3366 1083 3432 ertc
1097 3367 1189 3437 gemit,
1203 3376 1231 3422 et
1244 3366 1367 3438 laeryutis
1382 3369 1511 3438 presagia
1527 3369 1610 3424 tristia
1625 3370 1737 3434 dedens,

982 3458 1078 3525 Quem,
1092 3472 1168 3528 rogo,
1181 3458 1293 3526 linquet,
1307 3458 1355 3522 ait,
1372 3459 1445 3526 regui
1459 3459 1503 3528 qui
1515 3469 1618 3526 sceptra
1632 3460 1774 3529 gubernet,

982 3547 1049 3602 Cum
1064 3550 1144 3602 fratre
1158 3557 1184 3602 el
1197 3558 1260 3601 nato
1273 3549 1382 3602 careat?
1394 3546 1442 3602 Cui
1459 3548 1517 3601 talia
1532 3549 1622 3604 natis:

983 3640 1077 3694 Cernis
1092 3649 1121 3694 ut
1134 3638 1185 3694 boc
1200 3639 1307 3708 pelagus
1322 3639 1375 3694 late
1390 3653 1454 3708 uaga
1471 3641 1589 3711 regmina
1605 3641 1716 3697 fundati

984 3731 1084 3786 Forsan
1099 3739 1126 3785 et
1139 3731 1196 3784 lraec
1208 3730 1279 3785 inter
1292 3728 1421 3785 Dominus
1435 3730 1486 3785 sibi
1499 3740 1599 3798 serrat,
1614 3741 1641 3788 et
1654 3732 1734 3804 lrrrjus

983 3821 1034 3888 Qui
1047 3830 1122 3888 regat
1136 3820 1240 3887 imperii
1257 3823 1343 3876 lectus
1357 3821 1511 3878 moderator
1526 3822 1656 3890 babeuas,

984 3913 1124 3984 lieglridus
1137 3922 1220 3982 utque
1234 3912 1281 3968 tibi
1298 3913 1389 3969 lratris
1402 3923 1526 3970 nectatur
1539 3931 1642 3972 amore.

1019 4003 1107 4060 Audet
1120 4003 1207 4059 adbuc
1219 4005 1332 4073 supplex
1346 4005 1421 4075 uirgo
1437 4006 1543 4073 pulsare
1558 4009 1731 4076 prophetent:

984 4096 1006 4150 0
1021 4094 1103 4150 ratiis
1118 4094 1257 4149 bominum
1273 4094 1411 4149 linduntur
1425 4106 1530 4164 pectora
1545 4095 1632 4150 curis!

984 4187 1051 4241 Pars
1064 4185 1076 4224 ἃ
1091 4195 1189 4240 nancto
1203 4183 1302 4254 gaudet
1318 4183 1438 4238 mortalis
1451 4183 1568 4238 culmine
1581 4199 1696 4254 pompae.

986 4281 1051 4335 Pars
1065 4279 1175 4349 cupiens
1188 4292 1268 4348 gazas
1283 4277 1347 4331 lusu
1362 4276 1504 4344 populante
1517 4274 1627 4345 lagares

985 4372 1143 4443 Pauperiem
1159 4371 1233 4427 nullo
1246 4368 1355 4439 deponit
1371 4370 1423 4425 line
1438 4383 1593 4438 perennem.

944 4463 1023 4530 niu
1038 4464 1101 4518 licet
1114 4463 1233 4519 oblatum
1248 4461 1341 4516 mnndi
1356 4461 1504 4516 contemnis
1520 4461 1661 4523 bonorem,

987 4556 1086 4612 Vilibus
1099 4567 1129 4611 et
1141 4558 1226 4611 maris
1238 4562 1356 4610 secretus
1370 4553 1480 4608 condier
1493 4554 1586 4609 antris.

983 4647 1119 4703 Pantilieis
1133 4644 1231 4700 summi
1245 4645 1365 4713 quamvis
1379 4643 1522 4713 potiundus
1536 4644 1646 4707 bonore,

984 4743 1043 4807 Quo
1056 4741 1093 4794 nil
1107 4750 1198 4793 nostra
1213 4738 1281 4807 gerit
1292 4738 1387 4792 merito
1400 4735 1531 4791 sacratius
1545 4744 1622 4792 atas.

984 4833 1042 4888 Non
1056 4847 1117 4900 ego,
1129 4828 1278 4896 respoudit,
1294 4828 1401 4896 dignum
1416 4844 1459 4883 me
1474 4837 1546 4882 touta
1560 4829 1650 4883 subire

984 4921 1115 4986 Culurina,
1126 4920 1180 4989 jum
1193 4919 1275 4973 lateor
1286 4917 1391 4973 llontiui
1401 4919 1447 4975 sed
1463 4918 1573 4975 dextera
1588 4919 1666 4975 nullis

986 5015 1116 5085 Ellrrgitur
1128 5012 1188 5069 eoeli
1202 5021 1312 5067 terrare
1326 5009 1440 5068 marisve
1454 5012 1574 5068 latebris.

985 5106 1035 5172 Qui
1049 5106 1069 5159 si
1086 5114 1155 5158 tanta
1170 5103 1268 5174 gradus
1280 5103 1373 5172 jubeat
1383 5117 1426 5159 nte
1442 5103 1557 5174 pondera
1571 5104 1649 5160 lorre.

985 5195 1073 5250 Credo
1086 5195 1160 5250 brevi
1178 5198 1257 5261 lauet,
1274 5204 1409 5250 transacto
1421 5206 1448 5251 et
1459 5198 1525 5253 forte
1544 5198 1657 5253 duorum

986 5287 1126 5341 Curriculo
1140 5299 1271 5340 annorum
1286 5286 1420 5352 absolvar,
1436 5302 1596 5359 rursumque
1608 5287 1729 5344 adunatis

987 5375 1112 5429 Gartdens
1125 5375 1238 5430 secretis
1253 5375 1360 5430 reddar.
1374 5376 1427 5433 Sed
1440 5386 1467 5431 tu
1480 5395 1585 5449 quoque
1596 5392 1713 5434 uostmm

988 5469 1102 5524 AEltieda
1116 5467 1278 5536 colloquium
1292 5484 1388 5537 perpes
1398 5470 1511 5525 reticere
1524 5480 1670 5536 memento,

989 5560 1118 5616 Absolvar
1133 5558 1218 5614 donec
1232 5558 1325 5615 uinclis
1339 5570 1365 5615 et
1378 5575 1487 5616 carcere
1502 5561 1599 5616 cerruit.

1026 5696 1036 5720 ⁶
1058 5678 1177 5741 Etssedis,
1193 5679 1269 5734 inira.

1024 5751 1037 5791 ⁸
1057 5754 1104 5811 Sic
1118 5749 1231 5819 antiqui,
1247 5761 1329 5807 recte.
