3802 6126
125 322 176 378 tiu
480 310 820 371 tabennensiotis
840 311 915 367 ote.
935 311 1021 366 littts
1042 312 1085 368 lli.
1106 340 1140 354 ·-
1160 311 1400 370 PituAEtbttcb.
1695 309 1749 364 ttb

125 432 271 501 teliaquasi
284 447 365 503 opere
381 429 430 486 lilii
449 425 666 496 superimposita.
681 423 818 478 Columnae
833 422 906 478 cuim
923 431 945 490 Α
960 423 1035 489 tudo,
1051 438 1084 479 ne
1112 423 1144 476 ad
1172 431 1263 477 uotoni
1289 421 1451 489 nonenim,
1472 422 1621 479 obstiterat.
1646 420 1747 479 Eadem

126 516 196 559 stant
208 515 270 558 ante
285 503 383 558 ostium
395 501 497 566 tenipli,
509 497 569 564 quia
587 495 730 547 adventitia
744 492 905 560 liedempto·
961 508 1074 562 uanique
1085 494 1161 546 turba
1177 493 1264 547 nitriae
1286 492 1496 559 consuetudinis,
1512 507 1572 562 que·
1592 506 1673 561 supra
1691 508 1746 547 cai·

126 573 256 629 risnostri
270 575 314 642 qui
325 573 377 625 ait:
391 568 445 639 Epo
460 583 515 621 rum
528 568 629 626 ostium,
643 580 688 631 per
703 580 741 617 me
755 565 778 616 ai
785 564 849 685 (paris
863 562 906 616 itt·
958 577 1019 616 cuiii
1043 566 1203 617 clamantem
1218 577 1252 643 oe
1266 561 1355 616 lumen
1370 572 1483 644 peteret,
1499 561 1656 640 increpabat
1666 561 1747 635 (lar.

127 643 223 698 troierit
257 642 395 696 actualitor
410 634 551 707 (leena),
575 640 768 700 praecesserunt
804 641 908 687 actores
958 646 1038 696 xitii3
1056 630 1138 684 llere
1155 631 1291 698 s),ettani
1307 640 1495 701 suspicientem
1510 630 1698 697 Publicanum,
1713 649 1748 688 tte

127 680 239 780 egregii,
254 713 287 764 de
306 709 427 778 qualibus
450 707 512 758 tlioit
528 704 669 771 Apostolus
680 719 687 754 ε
698 700 808 756 lacobus
820 712 845 754 et
860 699 907 754 Ce·
958 700 1049 756 lesuui
1065 701 1164 765 rideat,
1182 701 1277 755 tardat.
1289 698 1344 757 Sed
1357 703 1426 754 sicut
1440 715 1527 755 caccus
1542 703 1679 755 turbarum
1696 716 1749 753 rn-

129 786 193 849 ptius
212 791 235 834 et
257 780 381 841 loannes,
405 777 448 844 qui
464 772 612 826 onerantur
630 773 754 824 solamne
774 786 838 834 erre,
864 771 908 831 qai
958 785 1002 824 ees
1024 769 1151 839 attigisse
1166 769 1249 841 inagis
1272 772 1411 824 clamando
1430 770 1539 833 devicit,
1562 771 1599 824 ita
1620 770 1747 838 pusillus,

128 853 207 905 sideni
238 847 357 902 adsentiri
377 848 431 914 citer
458 842 628 898 tertinioitiom
652 843 809 911 perhiberent
839 837 909 909 (Gia-
959 853 1071 894 necesse
1088 847 1131 893 est
1150 840 1234 893 turba
1254 841 1375 894 nocentis
1397 839 1562 895 obstaculum
1583 839 1681 895 altiora
1702 855 1749 908 pe·

129 925 176 975 int.
192 921 233 988 ii).
250 917 306 973 lina
321 916 392 971 cuitu
407 930 421 966 a
438 913 540 967 destris
560 911 632 972 ostii,
648 910 698 964 alia
713 912 801 964 stabat
815 926 829 960 a
845 908 909 963 siui-
960 910 1040 963 tetido
1059 909 1240 974 transcendat,
1255 919 1361 964 terrena
1385 911 1527 978 relinquat,
1543 910 1670 965 arboreta
1685 926 1747 965 ertt·

129 987 278 1055 stris‚quia
303 995 329 1038 et
345 982 543 1052 popiilotsraei,
566 980 611 1049 qai
627 981 791 1034 tuitrditiiin
808 977 860 1034 bde
879 988 908 1034 et
958 979 998 1033 cis
1021 976 1156 1033 ascendat.
1185 978 1350 1059 sycomorus
1373 994 1500 1044 uanique,
1525 993 1586 1046 qaae
1605 989 1647 1034 est
1665 981 1747 1036 arbor

129 1059 258 1112 alteritate
281 1055 394 1113 calebat,
420 1051 627 1107 incarnationem
652 1049 694 1104 sui
720 1048 907 1117 liedetnptoria
960 1048 1029 1102 loliis
1044 1061 1118 1102 moro
1131 1048 1237 1112 similis,
1253 1048 1300 1102 scd
1313 1047 1454 1102 altitudine
1473 1058 1613 1118 praestans,
1629 1048 1745 1105 undeet

130 1131 243 1180 iuturatn
263 1123 443 1194 praecinebant
456 1138 464 1185 ;
479 1129 505 1174 et
528 1133 579 1173 tioii
601 1119 688 1172 ruinas
701 1120 835 1186 gentibus,
850 1133 910 1187 quai
959 1116 1089 1170 abatiuis
1111 1118 1182 1170 celsa
1207 1128 1387 1185 nuncupatur,
1403 1120 1470 1172 licus
1490 1118 1561 1173 latita
1575 1117 1686 1173 dieitur.
1711 1119 1745 1173 Et

129 1196 216 1251 atlbun
230 1195 303 1263 quasi
326 1194 357 1246 ad
384 1192 543 1260 thiiitoneiit
564 1190 655 1255 positae
671 1190 787 1256 perlidiae
811 1187 910 1256 iripnre
959 1185 1052 1240 eadem
1068 1186 1200 1240 dominica
1214 1201 1291 1255 eniti,
1306 1201 1365 1253 quac
1388 1187 1528 1243 credentes
1552 1186 1601 1241 alit
1615 1199 1644 1242 ut
1667 1187 1745 1253 dcet,

131 1265 280 1332 torpebant,
304 1261 424 1331 ejusdein
449 1258 633 1326 liedeiiiptoris
649 1258 796 1326 ingressura
813 1257 911 1326 praedi·
960 1256 995 1309 ab
1008 1256 1150 1309 incredulis
1171 1255 1297 1310 irridetur
1318 1265 1347 1310 ut
1363 1256 1444 1311 latita.
1461 1256 1518 1312 lior
1535 1258 1603 1312 etritir
1618 1258 1748 1325 praedicit-

130 1337 227 1388 eabant
240 1347 300 1387 csse
316 1329 494 1410 pandenduiu.
506 1326 581 1393 Quinti
597 1342 660 1381 reru
670 1325 791 1396 capitella
806 1327 909 1380 colum·
960 1323 1160 1379 mercurialem
1177 1325 1338 1392 cronicam,
1352 1323 1451 1381 laneis
1463 1328 1565 1397 pridem
1583 1329 1748 1394 numatam,

134 1418 227 1457 uarum
250 1414 324 1468 quast
348 1413 429 1467 opere
454 1398 499 1452 lilii
525 1396 648 1451 fabricata
671 1407 757 1459 erant,
780 1397 801 1449 si
822 1395 912 1449 nillcat
960 1396 1076 1461 pentibus
1099 1404 1182 1447 nutam
1203 1396 1353 1458 stttiitiam,·
1368 1397 1431 1466 ipsit
1456 1398 1627 1451 oneraretis
1648 1395 1750 1453 litdoels

133 1474 196 1542 quia
216 1478 271 1525 tota
287 1469 482 1538 praedicationis
497 1481 588 1520 coruin
610 1480 723 1527 snmtna,
744 1465 777 1519 de
791 1411 912 1519 claritate
961 1475 1036 1530 etque
1059 1465 1173 1533 pentibus
1196 1461 1325 1518 Cliristnnt
1341 1464 1388 1518 liei
1401 1467 1519 1521 oirtntenr
1539 1474 1564 1519 et
1584 1465 1633 1521 Ilei
1647 1467 1750 1537 sopim-

133 1549 266 1611 perpetuat
290 1538 460 1592 beatitudiuis
484 1535 611 1599 insonuit,
636 1534 748 1603 ejusque
770 1533 910 1588 videndam
962 1533 1025 1586 tiont
1049 1532 1073 1602 (l
1090 1532 1194 1603 Cori).
1223 1534 1319 1599 Quam,
1335 1535 1468 1601 videlicet,
1489 1535 1613 1590 arborem
1635 1537 1748 1600 pusulas

132 1612 241 1679 pluriam
257 1607 313 1663 suis
323 1607 487 1662 auditoribus
504 1604 636 1674 promisit,
651 1604 707 1672 qui,
722 1616 838 1658 aeternus
851 1611 913 1658 ante
962 1612 1062 1656 statura
1077 1602 1215 1668 zacliaens,
1231 1618 1285 1671 quo
1295 1605 1406 1658 exaltari
1422 1608 1515 1674 possit,
1537 1605 1670 1667 ascendit.
1684 1606 1748 1661 desi

133 1679 229 1734 saecula
245 1678 314 1732 betis
326 1679 454 1739 aristeus,
468 1675 547 1728 liouio
563 1674 646 1727 iaetus
658 1685 700 1727 est
718 1675 744 1727 in
759 1674 811 1726 llne
826 1687 912 1728 saecu·
963 1672 1077 1739 quilibet
1101 1673 1209 1726 liutitilis
1232 1681 1260 1727 et
1283 1677 1396 1743 propriae
1418 1675 1541 1729 conscius
1570 1673 1746 1741 inllrniitatis,

133 1750 231 1812 lorum,
246 1747 357 1814 utquaai
373 1745 423 1799 bos
446 1745 491 1798 lilii
512 1743 622 1797 interius
636 1745 751 1799 colorem
774 1756 910 1808 aurosum,
929 1741 1102 1825 Bcoulidcns
1124 1744 1149 1795 ln
1166 1740 1289 1808 Domino,
1308 1744 1472 1811 proclamat:
1487 1741 1553 1798 uitii
1572 1753 1658 1798 nuum
1683 1744 1751 1799 abab

133 1818 249 1873 exterius
263 1817 372 1869 baberet
384 1814 537 1867 candidatu.
552 1811 619 1879 Quid
635 1826 748 1882 natuque
761 1813 817 1866 aiiri
832 1811 912 1865 rubor
963 1810 1080 1879 pluriori,
1094 1811 1144 1864 nisi
1163 1811 1191 1864 in
1203 1826 1278 1866 critre
1291 1812 1394 1867 Domitii
1406 1817 1486 1867 nostri
1495 1811 1560 1869 lesit
1578 1811 1673 1867 Christi
1687 1812 1754 1885 (Go-

84 1877 89 1885 ’
134 1888 160 1938 in
183 1886 309 1947 candore,
333 1884 383 1938 iiisi
398 1883 485 1952 iulgur
508 1893 549 1936 est
562 1881 708 1937 dititiitatis
730 1881 757 1936 in
784 1880 912 1936 bomine?
963 1881 1010 1933 lei.
1023 1883 1071 1948 ni).
1086 1883 1202 1935 bsoensa
1216 1892 1303 1936 autcin
1318 1897 1460 1953 sycomoro
1474 1893 1657 1938 transeuntem
1668 1899 1750 1953 prope

134 1959 229 2021 Quein,
247 1952 382 2018 uidelicet,
406 1952 539 2006 ltouiiueut
554 1962 582 2007 et
605 1952 679 2020 prius
699 1952 842 2005 virtutibus
855 1951 911 2005 cla·
964 1948 1105 2004 Dotuinutu
1122 1952 1440 2019 consenescebant
1460 1952 1620 2008 laudabilem
1643 1954 1753 2007 trinita-

134 2041 193 2080 rnnt
207 2023 334 2087 otendit,
354 2033 382 2077 et
405 2032 465 2092 post
479 2030 591 2075 uiortem
613 2022 691 2074 niueo
707 2019 914 2086 incorruptionis
966 2025 1029 2084 tent,
1045 2019 1095 2074 etsi
1111 2020 1223 2073 necdum
1238 2028 1266 2073 ut
1284 2032 1327 2076 est
1352 2021 1447 2088 solide,
1462 2022 1515 2091 iani
1532 2033 1622 2077 tamen
1645 2033 1752 2091 raptant

134 2094 276 2162 splendore
290 2091 408 2146 vestitit.
433 2091 493 2144 ttaec
509 2104 568 2154 nos,
591 2088 690 2144 iratres
711 2090 871 2152 charissimi,
887 2089 914 2144 iit
964 2097 993 2143 ct
1006 2090 1082 2156 quasi
1106 2090 1256 2144 intransitu
1272 2090 1322 2145 luci
1338 2091 1476 2159 saptetntae
1490 2093 1607 2147 coelestis
1625 2092 1751 2147 itttenilit.

135 2163 273 2230 praesentia
293 2161 353 2216 iesti
374 2162 456 2214 nostri
470 2158 594 2226 gaudium
618 2160 652 2214 de
671 2168 803 2215 structura
824 2159 914 2224 templi
1005 2156 1038 2210 br
1052 2173 1111 2210 curn
1122 2158 1227 2212 eenisret
1247 2159 1281 2211 ed
1295 2160 1389 2240 iocum,
1404 2163 1544 2229 respiciens
1556 2160 1633 2216 lestis
1647 2160 1753 2217 siditil·

136 2246 218 2292 trauca
232 2246 265 2287 ex
281 2230 401 2301 pluribus
415 2226 575 2285 iraternitati
587 2236 682 2284 vestrae
705 2229 862 2294 exposuisse
884 2229 915 2282 li·
965 2226 1028 2282 lure.
1046 2227 1234 2282 Perambulaus
1249 2229 1355 2283 lerielio
1368 2231 1499 2295 saltatur,
1513 2232 1586 2286 settit
1606 2231 1640 2285 ad
1665 2232 1753 2288 locotti

135 2301 203 2359 buit.
218 2310 347 2371 quatenus
371 2309 398 2355 et
413 2298 530 2354 niiraitda
553 2299 687 2352 terrestris
699 2298 794 2352 ilotntis
812 2294 915 2352 bomini
966 2299 1009 2350 tibi
1029 2311 1194 2366 precurrens
1208 2296 1338 2353 Zachaeus
1352 2313 1521 2370 sycomorum
1535 2302 1747 2357 conscenderat:

138 2370 237 2426 labriea
251 2370 397 2424 delectaret
411 2369 580 2434 auditumst
593 2367 649 2422 liatc
664 2366 717 2440 [iil.
733 2369 794 2421 odd.
810 2365 915 2437 eadent]
966 2369 1026 2434 qnia
1046 2366 1135 2423 missis
1157 2381 1205 2435 per
1227 2368 1354 2422 mniidntn
1379 2369 1419 2423 sui
1435 2371 1507 2424 verbi
1524 2372 1705 2438 praeconibus,
1725 2372 1753 2427 in

137 2440 311 2510 spiritualiter
333 2439 465 2493 intellecta
486 2447 587 2492 tuentes
602 2449 705 2494 nostras
727 2437 862 2493 ardentius
881 2438 915 2491 ad
965 2435 1061 2506 quibus
1083 2436 1139 2503 ipse
1154 2436 1278 2491 nimirum
1293 2447 1320 2491 et
1333 2438 1492 2506 loquebatur
1505 2448 1533 2495 et
1547 2440 1614 2507 ibat,
1631 2441 1706 2497 teuit
1719 2440 1753 2497 ad

136 2525 255 2564 autorem
283 2523 405 2576 supernae
429 2506 598 2561 babitatiunis
622 2507 747 2576 eriperet.
772 2508 915 2577 ltilipamtts
967 2506 1092 2626 populum
1115 2506 1262 2568 nationum.
1286 2509 1331 2578 qni
1345 2511 1475 2577 passionis
1491 2511 1550 2578 eius
1573 2510 1627 2566 lide
1637 2510 1695 2581 jain
1708 2526 1755 2567 stt·

139 2594 214 2648 crpo,
232 2580 326 2632 iratres
340 2577 403 2644 nei,
419 2578 567 2631 totocorde
586 2577 709 2631 decorem
723 2578 818 2631 doinus
837 2587 916 2630 remr-
986 2575 1056 2629 liniis
1071 2577 1200 2641 existetis,
1216 2577 1295 2631 etiatn
1309 2577 1457 2635 divitiitatis
1468 2578 1526 2650 ejus
1540 2581 1652 2636 ardebat
1663 2584 1754 2649 agnita

138 2664 191 2715 tite,
206 2663 285 2718 quatit
300 2663 332 2701 ex
357 2648 412 2700 ilco
427 2649 555 2700 babemus
569 2648 594 2699 in
607 2645 693 2711 etatis,
716 2647 791 2701 etde
806 2648 864 2701 loco
876 2656 917 2698 ta·
968 2642 1034 2698 lacie
1047 2644 1132 2698 beari.
1148 2644 1297 2713 Suspiciena
1321 2650 1382 2701 uidit
1397 2650 1480 2713 illurn,
1501 2651 1563 2720 qnia
1578 2651 1754 2722 pergratiam

138 2718 273 2772 iicriiacnli
287 2718 378 2786 gloriae
392 2716 449 2784 ejus
464 2715 556 2770 sedatio
570 2717 696 2785 cogitare,
711 2730 743 2770 ac
758 2730 806 2770 nos
820 2716 918 2769 alteru·
968 2712 1030 2768 fidei
1045 2715 1184 2769 aterrcuis
1195 2717 1385 2785 cupiditatibus
1397 2721 1542 2782 elevatum,
1559 2720 1700 2789 turbisque
1714 2720 1756 2775 in·

139 2788 366 2842 trumatlmonere
388 2798 522 2841 curemus.
545 2785 631 2839 llnutn
656 2787 821 2840 anteomnia
843 2792 918 2853 peta·
968 2782 1092 2837 fldelibatt
1132 2786 1329 2841 coemittentem
1353 2789 1443 2856 clepit.
1471 2788 1569 2845 Videre
1596 2790 1669 2844 enim
1694 2790 1756 2853 llei.

138 2870 200 2911 tuiis
210 2856 244 2910 ab
258 2871 300 2921 eo,
316 2865 343 2911 ct
355 2855 406 2910 boc
425 2853 579 2923 ittlattpabili
595 2855 740 2909 intentione
754 2866 917 2924 quaeramus,
968 2853 1068 2922 eligere
1079 2798 1226 2911 refamare
1243 2864 1295 2911 eat,
1312 2856 1387 2913 Unde
1397 2868 1438 2912 eat
1453 2858 1537 2913 illud:
1552 2858 1632 2912 deaii
1645 2856 1754 2915 bonini

140 2936 168 2980 ut
182 2926 331 2981 inhabitare
346 2938 494 2980 metamur
509 2929 534 2978 io
550 2923 630 2978 doiuo
648 2925 707 2990 eius
720 2925 846 2979 omnibus
859 2924 919 2976 die·
969 2924 1135 2992 superiectas
1150 2922 1237 3007 (Ptol.
1254 2927 1437 2996 arreptitii
1455 2938 1482 2983 et
1501 2942 1549 2983 nos
1560 2943 1619 2997 quai
1633 2942 1756 2985 atnatnns

139 2998 191 3050 biis
205 2997 265 3049 titre
279 3005 387 3060 nostre,
404 2994 455 3050 ltoc
479 3002 530 3059 cst,
555 2993 664 3061 parentii
678 2995 730 3048 rita
748 3008 779 3048 ac
793 2996 852 3049 luce
864 2990 920 3047 ieli-
971 2992 1072 3058 ridere,
1086 2993 1121 3047 ab
1134 2994 1177 3048 bis
1189 3011 1249 3063 quas
1261 3010 1445 3061 exsecramur,
1457 2998 1580 3053 intultutu
1597 2997 1758 3055 lestioatrtns

140 3079 194 3119 ces.
210 3064 267 3119 Non
281 3076 370 3120 autent
393 3064 495 3130 speruit
516 3078 601 3130 neque
616 3063 728 3131 despicit
741 3078 834 3133 preces
853 3076 918 3132 pati·
932 3098 957 3161 c
971 3070 1103 3118 avertere.
1123 3060 1196 3118 lidii
1209 3079 1273 3134 erpo
1293 3065 1372 3122 lestis
1391 3066 1524 3122 ridentem
1538 3080 1578 3132 se,
1598 3069 1659 3138 qnia
1674 3068 1759 3137 elspit

139 3149 244 3202 peroio,
255 3136 363 3200 qiiantlo
378 3133 428 3188 lioc
438 3134 507 3203 quod
522 3132 606 3200 diligit
619 3134 685 3201 ipsc,
702 3147 842 3203 precamur
853 3148 861 3197 ;
873 3132 920 3187 scd
972 3132 1113 3201 eligentem
1126 3148 1167 3201 se,
1188 3142 1216 3188 ct
1229 3136 1326 3190 amarit
1347 3145 1491 3192 autantent.
1508 3137 1582 3192 lianc
1605 3152 1673 3194 sane
1685 3140 1760 3195 ordi·

139 3203 443 3258 'eleineiitereraudiens
456 3201 567 3256 donabit
581 3217 629 3255 uos
644 3203 735 3257 ridere
747 3203 815 3257 bona
831 3217 878 3258 sua
895 3203 923 3257 in
974 3216 1035 3256 itctit
1050 3202 1216 3270 probclendi,
1238 3203 1290 3258 boc
1307 3214 1359 3272 est,
1381 3219 1429 3276 per
1443 3204 1522 3260 tidem
1543 3207 1692 3263 brimioicas
1718 3210 1760 3265 la·

140 3282 211 3326 terra
226 3271 369 3327 virentium
383 3269 506 3326 cbristus
519 3272 597 3327 lesus
617 3271 745 3326 Dominus
760 3282 863 3338 noster,
877 3271 923 3342 qui
974 3273 1136 3328 carnationis
1149 3272 1183 3326 ad
1205 3271 1385 3343 enqnitionctn
1407 3275 1551 3330 diuinitatis
1570 3278 1758 3345 perveniendi.

140 3341 256 3395 sititet
280 3341 414 3410 reqnatin
436 3355 521 3395 crunt
544 3337 675 3410 [illaad
692 3341 781 3396 :Cant
796 3342 875 3397 Pati-e
896 3340 924 3397 in
973 3342 1050 3410 quasi
1073 3356 1243 3413 sycomorum
1264 3342 1328 3399 leati
1358 3343 1453 3400 laeicm
1478 3345 1636 3414 speculandi
1662 3347 1760 3404 doctor

140 3411 243 3465 unitate
257 3412 372 3478 Spiritus
392 3411 477 3465 sancti
498 3409 568 3466 Deris
582 3424 628 3479 per
652 3412 740 3466 omnia
761 3415 858 3467 saccula
874 3425 924 3467 sc·
974 3411 1098 3482 egregias
1119 3412 1245 3479 ostendit,
1260 3427 1320 3467 caut
1334 3413 1390 3468 ait:
1405 3412 1465 3468 lion
1486 3420 1552 3469 enirn
1562 3415 1680 3484 juriensi
1693 3418 1760 3472 seire

139 3479 271 3536 culorum..
283 3477 398 3551 itiitere]
974 3496 1016 3534 nte
1032 3481 1130 3547 aliquid
1142 3481 1210 3535 inter
1223 3484 1327 3536 neaniai
1341 3482 1574 3563 Christemlestuts,
1585 3495 1609 3538 et
1619 3486 1688 3539 banc
1698 3502 1759 3543 cra-

404 3588 544 3645 tein
563 3589 656 3646 ini·
897 3648 906 3662 ,
973 3548 1762 3692 ιιιιιιῖιιιιιιιιι·ιείιιτιιιιι

975 3687 1069 3757 (llelr.
1095 3689 1124 3760 r)
1138 3704 1146 3743 a
1160 3689 1202 3746 lac
1215 3691 1319 3745 inilrtua
1344 3693 1511 3759 temporarias
1537 3693 1757 3764 dispensationis,

974 3759 1089 3882 ¹suliduut
1108 3760 1197 3815 cibuto
1221 3759 1302 3815 ardua
1326 3774 1462 3831 perpetue
1485 3764 1643 3837 blajestatis,
1668 3768 1759 3837 appel·

984 3844 1042 3883 atis.

1010 3898 1762 3973 Ettliaitedeitmtloceltoe,satinenadercendemttiabs·

349 3741 376 3781 lli
387 3740 561 3783 ocbtct'tttttte
572 3740 713 3782 ccctcste.

140 3857 206 3912 ιιι.
230 3872 285 3914 ιιι.
302 3860 334 3912 ln
348 3859 394 3913 illo
408 3868 519 3930 tempore
535 3862 661 3930 inpressas
681 3860 755 3916 lestis
770 3865 925 3930 perambulo·

176 3926 530 4066 zsstfnsszff'fgufficgguzg
548 3947 651 4069 2⁰32?
659 3930 925 4068 dffssfihffi’m‘ssess‘}
975 3969 1017 4023 die
1024 3973 1051 4022 in
1060 3974 1186 4026 denotato
1194 3981 1290 4042 oportet
1298 3988 1453 4026 nternenrre.
1464 3971 1496 4026 Et
1503 3974 1624 4040 festinent
1631 3974 1762 4031 descendit

175 4064 576 4204 titatituuiie‘aa
587 4074 927 4211 sibilasibila
977 4060 1099 4167 i
1113 4042 1461 4180 iitlatbtbltbi!
1475 4043 1654 4178 illisi?
1655 4113 1763 4170 ’ω-

175 4206 518 4343 {ppngqppgquju
532 4218 560 4263 ¹¹¹
575 4210 669 4265 „tam
686 4211 770 4279 itu
788 4212 848 4282 ab
866 4213 926 4268 ‘ct‘
975 4194 1038 4304 :li
1057 4181 1763 4321 altantidis‘tiniilnitiitbltib

977 4331 1133 4388 peccatores
1152 4321 1335 4389 recipientetn,
1350 4331 1443 4375 cotitra
1466 4322 1606 4376 auaritiatn
1619 4322 1762 4393 disputan·

178 4385 242 4448 Qec
254 4385 490 4452 impassibiliorem
505 4388 576 4453 apud
587 4389 710 4454 nomines,
721 4391 852 4452 possibilie
866 4402 925 4448 saut
977 4399 1042 4455 teiu,
1058 4400 1087 4444 et
1099 4400 1195 4445 caetera
1207 4390 1286 4458 digua
1301 4391 1356 4445 lieo
1366 4401 1513 4459 pert-ntem,
1530 4392 1619 4462 linqua
1632 4402 1763 4449 venenata

142 4453 627 4521 opudDeum.Eccecuiiitcatnelua.
644 4460 764 4526 deposita
780 4460 852 4529 pibbi
867 4440 1131 4528 sar-Desipiebam,
1161 4469 1289 4537 pertaesus
1312 4475 1405 4514 corutn
1434 4460 1551 4515 iaciiiora
1571 4462 1708 4529 discessit,
1733 4471 1762 4519 et

141 4525 212 4586 cina,
227 4523 404 4592 perforamen
425 4540 488 4579 acus
504 4528 600 4582 transit
613 4527 717 4596 (llottlc
731 4546 745 4583 1
759 4546 767 4593 ;
783 4529 866 4586 flore.
883 4535 923 4601 a),
975 4531 1077 4599 aulugit
1098 4531 1209 4584 diceus:
1225 4527 1280 4582 lielt
1318 4540 1390 4584 setar
1413 4528 1482 4584 nodia
1503 4532 1596 4584 domes
1609 4541 1694 4587 nestra
1715 4530 1762 4588 tle·

142 4595 194 4646 boc
207 4601 260 4658 est,
275 4593 349 4648 dives
363 4602 391 4650 et
413 4595 582 4662 Ptiblicanus,
606 4596 700 4653 relicto
722 4614 805 4655 ouerc
818 4602 924 4657 divitia·
975 4613 1043 4654 serto
1063 4597 1171 4670 (liettb.
1186 4602 1277 4665 attii).
1329 4601 1389 4654 odie
1411 4611 1500 4655 autaut
1526 4603 1553 4654 in
1568 4602 1650 4656 durno
1674 4602 1763 4672 pusilli

142 4677 213 4729 rain,
229 4672 380 4728 contempto
401 4679 482 4719 censii
497 4666 637 4730 iraudiuni,
659 4680 797 4737 anqiistarn
821 4681 923 4738 portam
974 4670 1079 4725 Zacbaei
1104 4678 1209 4737 oportet
1223 4670 1295 4722 illum
1316 4683 1436 4735 tuaticre,
1460 4673 1509 4723 boc
1528 4678 1579 4730 cst.
1604 4670 1763 4727 noraelacis

141 4734 467 4803 incursantemque
490 4736 523 4788 aii
538 4738 619 4790 ritain
634 4737 717 4804 doeit,
733 4741 923 4808 ascetiilit.Qtti
974 4741 1059 4810 pratia
1084 4749 1242 4794 coruscante
1267 4739 1293 4791 iii
1314 4739 1408 4794 bamili
1432 4740 1598 4794 credentium
1622 4742 1760 4796 nationum

143 4801 211 4855 ttiira
225 4801 366 4858 deuotione
379 4804 441 4860 lidei
455 4806 487 4859 ad
501 4805 642 4862 titienitnn
654 4807 833 4873 saltatorem,
853 4812 923 4880 qiind
974 4812 1056 4865 cordo
1068 4812 1216 4876 quiescere.
1244 4807 1319 4875 Quod
1346 4819 1435 4864 autent
1448 4809 1612 4865 descendere
1625 4811 1661 4865 de
1685 4824 1762 4882 ryco-

144 4879 237 4923 uatura
251 4873 339 4926 niiuus
354 4872 492 4941 babuerat,
509 4891 622 4932 ascensu
633 4879 736 4946 supplet
746 4880 864 4941 arbitris:
881 4889 921 4933 at·
975 4894 1051 4934 moro
1065 4879 1203 4942 Zacliaeus,
1219 4888 1245 4932 et
1261 4880 1300 4934 sic
1316 4879 1342 4932 in
1366 4880 1446 4932 dotno
1459 4894 1505 4933 sita
1520 4878 1630 4935 Citristo
1649 4880 1761 4937 mansio

142 4953 195 5006 tque
222 4939 380 5010 tdeo‘luste‚
404 4946 529 5014 quamuis
553 4947 610 5013 ipse
635 4963 728 5015 roqtire
745 4964 797 5002 tion
817 4950 922 5016 audeat,
975 4963 1036 5004 neni
1051 4963 1201 5018 preparare
1211 4949 1329 5017 jubetur,
1344 4948 1395 5003 line
1410 4959 1451 5002 est
1467 4948 1537 5016 quod
1550 4952 1697 5017 Apostolus
1709 4954 1759 5006 ait:

143 5008 356 5066 benedictionem
372 5013 515 5068 bitininicoe
536 5019 713 5082 susceptionis
727 5033 804 5086 quatu
820 5020 925 5074 deside·
977 5019 1046 5085 Quin
1066 5029 1090 5072 et
1114 5018 1136 5072 si
1159 5020 1320 5087 copnoeiniui
1343 5019 1481 5073 secundnm
1496 5035 1599 5072 cernent
1618 5018 1759 5085 Cbristattt,

144 5075 219 5131 rabat
232 5079 338 5145 accipit.
352 5082 463 5152 llystice
485 5093 572 5138 autem
587 5087 725 5151 declinetis,
739 5089 783 5156 qui
798 5090 925 5153 interpre-
974 5090 1019 5140 red
1029 5089 1082 5153 inm
1095 5104 1161 5140 nune
1176 5104 1226 5140 non
1242 5091 1367 5142 noeiutus.
1388 5088 1422 5141 b't
1435 5092 1456 5142 si
1469 5089 1535 5141 eiit'ia
1547 5100 1664 5143 niortuita
1677 5102 1716 5146 eat
1727 5104 1757 5145 es

145 5156 215 5199 tatur
228 5147 397 5216 justificatus,
421 5152 574 5209 credentem
600 5171 632 5210 eit
654 5159 776 5226 pentibus
799 5160 924 5227 populatu
975 5158 1135 5225 iiifirtnt'tute,
1151 5160 1195 5210 scd
1208 5158 1266 5210 eiuit
1279 5174 1310 5212 eu
1323 5160 1415 5211 uirtute
1429 5158 1475 5211 Dei
1488 5157 1533 5228 (ll
1545 5160 1606 5213 t'or.
1623 5160 1662 5230 r).

143 5214 276 5284 siguificat
288 5234 294 5269 ε
306 5219 351 5287 qui
367 5229 466 5286 quanto
478 5224 551 5277 cittis
574 5228 746 5281 saecularibus
760 5228 923 5294 occupatior,
1010 5226 1045 5280 le't
1060 5244 1117 5280 cuni
1130 5227 1242 5280 siderent
1255 5244 1350 5293 oneres,
1363 5229 1555 5281 ntertunrolant
1566 5229 1681 5286 ilicetum
1693 5229 1760 5301 qnod

144 5293 218 5339 taiito
242 5286 346 5356 llapitiis
365 5291 576 5357 deprimentibus
597 5305 656 5351 crat
678 5296 763 5351 lactus
790 5297 923 5354 ltuiiiilior.
975 5298 1149 5351 ediiomineiit
1173 5307 1329 5365 peccatorem
1351 5297 1502 5353 dicertisset.
1530 5298 1703 5354 blattiiestunt
1723 5306 1760 5355 eal

142 5355 195 5410 Sed
208 5356 315 5412 ablutus
328 5367 379 5425 cst,
396 5360 443 5414 sed
458 5363 707 5424 sanctificatricem
721 5365 882 5433 iustibcatus
897 5368 923 5421 in
975 5366 1084 5421 ludaeos
1102 5380 1209 5434 semper
1231 5367 1350 5436 potitium
1372 5367 1461 5422 odisse
1477 5368 1604 5423 salutem.
1628 5368 1759 5450 Scripta·

144 5425 252 5480 tiomine
266 5426 369 5482 Domini
384 5430 469 5485 nostri
479 5431 541 5485 lesu
557 5431 670 5499 Cbristi,
686 5446 712 5489 et
725 5438 751 5488 in
766 5438 859 5503 spiritu
875 5436 923 5492 bet
975 5446 1017 5491 est
1027 5438 1119 5491 eitiiii:
1136 5434 1256 5505 Sequenti
1266 5452 1325 5491 nero
1339 5436 1453 5492 Selicio
1463 5454 1526 5506 perte
1540 5439 1659 5494 eniterer
1673 5438 1757 5492 nititur

142 5496 225 5549 nostri
248 5494 277 5569 (1
296 5497 356 5552 Cor.
373 5499 422 5568 ti).
444 5501 489 5568 qui
516 5503 657 5558 intrantem
681 5503 790 5559 lericlto
805 5505 926 5562 Saltato·
975 5507 1092 5561 conuenit
1111 5506 1201 5557 andire
1223 5508 1325 5559 eertum
1351 5505 1410 5560 bei.
1432 5506 1549 5562 videntes
1570 5518 1657 5565 autent
1677 5506 1761 5563 melea

143 5578 198 5618 reni
213 5565 303 5622 uidere
326 5570 472 5637 quaerebat,
496 5572 543 5625 sed
559 5587 615 5639 pras
637 5576 712 5629 turba
739 5590 790 5628 non
811 5584 923 5644 poterat.
975 5574 1073 5641 iudei,
1094 5576 1185 5642 repleti
1199 5585 1258 5629 sient
1280 5578 1346 5643 selo,
1368 5586 1392 5630 et
1406 5578 1614 5631 contradicebant
1626 5581 1659 5633 iis
1671 5590 1760 5645 qnae

141 5635 208 5697 Quia
232 5638 324 5704 gratie
349 5638 420 5704 lltlei,
448 5655 528 5708 quant
556 5643 656 5698 inundo
681 5644 804 5699 Salvator
825 5646 923 5707 attulit,
976 5645 1062 5699 Paulo
1086 5643 1317 5715 dicebanturldrt.
1341 5647 1461 5715 titibllt
1481 5646 1760 5713 retinentissimum

138 5704 304 5774 participare
327 5709 465 5779 cupiebat,
485 5712 532 5768 scd
549 5711 649 5768 biobtt
673 5715 797 5771 titionum
814 5729 925 5772 caristie·
977 5713 1074 5771 iratres
1100 5717 1228 5771 adsersus
1251 5717 1432 5786 apostoloram
1458 5719 1606 5791 principem
1630 5717 1763 5788 eiectar-
