3802 6126
125 262 182 324 ‘ii
648 265 746 323 sset.
766 266 811 326 ΙΙΙ.
830 294 868 311 -·
885 261 1052 324 ctbbtttt.
1070 297 1106 310 -
1126 268 1246 329 tttttbt.
1706 272 1761 333 tttt

128 374 329 434 tdmbolisrnslis
343 371 428 444 magis
439 386 495 429 uno
507 373 588 444 quarn
599 375 748 441 duodenis,
933 377 1047 436 suune
1059 380 1177 450 sequiun
1192 388 1295 438 noctem
1309 381 1367 451 lux,
1380 382 1490 439 siticens
1504 383 1530 437 in
1541 396 1622 440 cruce
1633 391 1761 451 mortenn,

129 467 203 524 ilaus
212 464 286 521 enim
302 464 403 519 mensis
415 467 565 520 concrescit
579 475 642 522 tunc
656 468 690 523 ab
697 469 814 537 epactis.
976 471 1129 527 Restituam
1145 474 1280 529 bominem
1295 473 1357 529 uite
1371 476 1497 531 tenebras
1509 474 1665 544 patientem.

129 555 266 611 ebenus
276 552 361 622 signis
375 560 417 609 est
430 551 558 609 zodiacus
571 555 721 622 duodenis,
1008 561 1082 616 tlrdo
1097 564 1265 631 planetarum
1280 565 1366 619 variat
1380 567 1478 621 seriem
1495 556 1637 632 ierisrurn,

127 646 242 702 Exstant
254 644 391 714 signorum
403 658 512 699 menses
527 653 567 699 tot
580 646 613 700 ad
628 646 714 702 instar
726 648 859 708 omnium,
970 651 1077 721 Quippe
1088 653 1146 709 dies
1158 669 1173 710 a
1188 655 1241 711 diis
1255 655 1356 727 placuit
1367 658 1484 713 vocitare
1496 658 1592 726 poetis.

127 737 256 820 Triginta
265 735 383 792 Pboebus
397 735 538 806 signorum
549 739 674 809 quodque
684 740 795 808 diebus,
972 739 1062 797 Tertia
1079 743 1169 800 biantis
1184 755 1252 809 erat,
1266 746 1427 817 stilphontis
1442 760 1534 818 quarta
1552 747 1688 814 manebat,

129 827 217 894 bique
227 825 320 880 decem
335 822 417 880 semis
431 822 528 880 cessim
544 829 690 896 perlabitur
705 829 789 897 boris,
972 831 1038 888 lude
1048 834 1108 889 loni
1120 836 1241 904 quintam
1257 837 1397 894 tribuendo
1410 840 1667 894 nocentiorianam.

127 914 207 970 Fiunt
220 915 284 972 inde
294 914 354 971 dies
368 913 518 972 tercenteni
530 916 620 973 decies
635 931 693 986 sex,
971 924 1056 978 Sexta
1072 923 1121 979 luit
1136 922 1260 992 Veneris,
1275 937 1409 997 postrema
1423 929 1504 983 deum
1517 931 1655 999 genitoris,

128 1007 203 1076 Quos
217 1007 287 1062 inter
301 1020 409 1062 meuses
422 1007 463 1060 bis
477 1022 524 1063 sert
538 1007 683 1076 disponere
695 1005 787 1075 debes,
972 1012 1028 1067 lias
1041 1014 1092 1069 diis
1105 1013 1239 1070 addebant
1254 1030 1284 1071 se
1298 1017 1358 1083 quis
1372 1027 1496 1073 constare
1511 1018 1651 1087 putabant,

129 1103 254 1172 Quinque
264 1101 321 1156 dies
335 1101 414 1156 denis
429 1098 492 1156 iacit
504 1116 537 1156 ex
552 1089 736 1158 remeantibus
753 1102 850 1167 boris,
972 1103 1047 1159 lusit
1060 1107 1214 1171 temperiem
1231 1105 1336 1174 Jupiter
1349 1106 1485 1178 Cyllenius
1496 1117 1592 1175 artem,

128 1194 201 1261 Quos
215 1194 277 1260 quia
287 1188 411 1248 distribui
426 1203 571 1263 nequeunt,
586 1190 669 1248 debes
683 1194 746 1249 dare
759 1194 856 1260 blurti;
972 1192 1121 1248 Pneumate
1131 1196 1171 1249 sot
1188 1210 1238 1248 una
1253 1194 1324 1249 biars
1334 1195 1464 1265 sanguine
1479 1210 1592 1265 corpore
1607 1197 1680 1264 luna,

129 1282 184 1338 Cur
199 1283 289 1352 potius
301 1283 402 1337 blasti?
417 1282 510 1337 tribuit
522 1283 582 1350 quia
594 1277 726 1339 ilomulus
740 1281 798 1349 illi,
975 1282 1023 1338 tet
1037 1284 1112 1339 dedit
1125 1286 1276 1352 bumnrem,
1294 1286 1386 1343 Venus
1400 1287 1456 1357 ipsa
1470 1288 1587 1342 libidinis
1602 1289 1700 1357 ignem.

130 1376 235 1433 llenses
249 1377 291 1433 bis
303 1379 421 1448 quinque
430 1387 552 1434 statuens
565 1378 608 1445 qui
624 1379 741 1448 principe
756 1380 849 1435 iiaste.
1008 1376 1105 1431 Nostro
1120 1393 1195 1432 more
1208 1378 1266 1433 dies
1277 1377 1354 1435 leriae
1365 1390 1429 1435 stunt
1443 1394 1541 1434 notrren
1558 1381 1698 1448 babentes,

129 1467 253 1537 l‘rincipe
265 1483 313 1523 cur
328 1469 431 1524 liartel
445 1467 527 1523 coluit
539 1470 600 1538 quia
615 1468 806 1539 progenitore.
973 1468 997 1522 tt
1013 1469 1093 1522 lando
1108 1467 1201 1524 leriam
1215 1468 1270 1540 iam
1284 1471 1420 1525 credimus
1433 1485 1493 1524 esse
1507 1480 1627 1524 uocatam

129 1558 192 1627 Ejus
205 1572 346 1614 successor
359 1555 444 1612 Nantua
456 1557 525 1612 binis
536 1558 638 1613 exstitit
652 1569 758 1614 auctor.
973 1557 1063 1612 Prima
1076 1558 1134 1613 dies
1146 1560 1244 1613 etenim
1258 1558 1307 1613 init
1323 1561 1402 1625 bnjus
1416 1560 1532 1615 nourinis
1546 1559 1633 1619 oliuo,

128 1645 155 1703 Sl
168 1661 311 1702 numerum
325 1647 476 1702 mensidare
488 1647 654 1712 vis,rationc
665 1651 804 1718 sequenti:
973 1647 1029 1714 Qua
1045 1648 1085 1703 ias
1099 1659 1140 1703 est
1152 1649 1211 1714 lari,
1225 1648 1313 1704 diuina
1326 1650 1405 1705 simul
1421 1647 1522 1716 ieriari,

128 1733 209 1790 sone
222 1735 281 1790 dies
292 1732 391 1790 mensis
405 1753 412 1788 ε
429 1749 569 1789 numerum
583 1749 689 1804 quoque
698 1737 779 1805 junge
791 1739 901 1806 prioris,
935 1709 959 1769 Β
974 1738 1021 1793 iel
1033 1739 1104 1809 quod
1119 1739 1166 1793 liat
1176 1741 1214 1794 ait
1229 1741 1299 1794 Deus
1310 1741 1399 1795 omnia
1413 1741 1519 1811 quando
1531 1740 1643 1795 creavit.

129 1824 222 1881 uirile
234 1841 284 1894 per
296 1833 400 1894 septem
415 1839 554 1879 nuperum
565 1822 616 1878 sibi
627 1824 694 1878 dans
705 1837 899 1884 remanentem.
1007 1825 1209 1882 Hebdomadam
1223 1826 1335 1882 iacimus
1349 1836 1455 1897 septem
1469 1839 1592 1883 constare
1603 1826 1708 1891 diebus,

125 1912 179 1971 Per
191 1925 296 1986 septem
311 1915 415 1985 quare!
429 1915 490 1985 quia
504 1916 543 1969 sie
558 1913 727 1969 bebdomada
741 1926 815 1971 stare
971 1919 1055 1986 Quam
1068 1920 1137 1975 solet
1150 1919 1283 1992 AEgyptus
1296 1930 1335 1976 tot
1348 1922 1380 1975 ad
1392 1935 1477 1976 annos
1488 1921 1578 1977 dicere
1592 1931 1706 1990 ternpus.

127 2002 224 2071 llebet,
238 2020 306 2076 quos
318 2005 401 2074 junge
411 2004 507 2074 quibus
520 2013 610 2059 exstat
628 2018 681 2058 nour
693 2000 813 2072 aliunde,
970 2010 1084 2066 Profecti
1100 2011 1159 2067 lesti
1170 2021 1233 2067 snnt
1247 2022 1328 2080 atqne
1342 2012 1399 2065 dics
1409 2011 1512 2077 ieriati,

125 2093 156 2152 ss
170 2096 254 2152 libeat
267 2096 337 2151 scire
350 2110 478 2157 sonorus
492 2091 544 2150 sibi
557 2093 620 2162 quud
636 2095 699 2151 vetti
709 2093 769 2157 tue
972 2102 1104 2158 caeterea
1119 2101 1179 2157 tosti
1193 2102 1258 2156 dicut
1270 2111 1332 2157 sunt
1344 2110 1425 2172 atquo
1439 2100 1546 2166 netnsrt,

126 2190 221 2241 ΛΜ
233 2194 392 2256 1111111111Ιὶ
405 2185 654 2240 10111110111111111
668 2185 779 2252 illiba·
971 2191 1039 2247 Sum
1050 2192 1187 2247 bominum
1200 2192 1270 2258 iesti,
1283 2207 1363 2247 causa
1376 2190 1499 2262 quaedam
1511 2190 1635 2260 proiesti.

129 2275 165 2332 llt
176 2279 267 2348 capias
280 2291 328 2347 per
341 2285 368 2332 te
382 2275 472 2341 ierias,
486 2277 530 2331 ubi
544 2290 656 2344 quaeque
667 2271 812 2342 Kalendae,
872 2346 877 2353 ν
1007 2285 1055 2339 Est
1065 2286 1165 2339 mensis
1175 2284 1310 2349 Graecum,
1322 2282 1356 2340 de
1371 2286 1442 2353 tonse
1457 2286 1565 2339 nomine
1577 2294 1706 2348 tractum,

127 2365 189 2423 ster
201 2368 273 2422 enim
288 2382 428 2434 numerus,
441 2368 483 2422 tel
498 2376 601 2435 septem
617 2367 657 2422 rel
673 2369 761 2422 minus
774 2378 820 2421 aut
833 2368 902 2437 quius,
970 2371 1086 2428 Nomine
1100 2374 1159 2442 quis
1174 2374 1254 2438 lunae,
1268 2372 1327 2440 qnia
1344 2386 1437 2428 menes
1450 2374 1513 2426 luna
1524 2372 1627 2426 batim.

127 2460 157 2514 Si
173 2468 312 2527 septemve
327 2459 415 2514 minas
430 2458 522 2514 leriam
538 2460 577 2512 sic
591 2457 684 2524 dicito,
699 2459 721 2511 si
737 2458 806 2526 plns.
1008 2463 1098 2518 Perse
1112 2463 1266 2518 disisisunt
1281 2473 1401 2532 tempora
1416 2471 1532 2530 quatuor
1545 2462 1618 2525 anni,
1710 2451 1712 2454 ’

130 2550 232 2606 dblatis
247 2559 362 2621 septem,
376 2565 515 2606 numerum
530 2549 580 2604 sibi
597 2548 630 2603 da
645 2560 827 2605 remanentem
970 2553 1090 2620 Quorum
1104 2553 1291 2618 nominarer,
1304 2561 1394 2619 aestas,
1408 2563 1563 2619 autumnus,
1576 2553 1724 2621 ltiemsque,

133 2638 189 2693 llos
198 2638 231 2693 da
245 2638 409 2708 Septembri,
422 2638 497 2693 Marti
513 2653 581 2708 quos
596 2648 657 2692 ante
670 2637 778 2692 dedisti.
971 2643 1129 2710 {despiceret
1142 2641 1255 2697 Boream
1270 2642 1369 2696 sensuali
1388 2650 1509 2710 ternpore
1519 2641 1609 2707 Titan,

133 2728 170 2782 ba
188 2727 240 2784 boo
252 2728 392 2798 incipiens,
408 2730 468 2798 quia
480 2729 519 2783 sie
530 2726 658 2799 AEgyptia
672 2727 730 2782 ruit
744 2743 821 2798 gens,
971 2731 1048 2798 Quod
1063 2739 1157 2786 noctes
1170 2742 1274 2800 ternpus
1284 2730 1353 2785 solet
1364 2745 1505 2800 exaestuare
1517 2730 1622 2794 diebus,

133 2818 161 2874 st
175 2834 316 2875 numerum
330 2821 414 2876 ruensi
429 2819 494 2875 dare
504 2821 544 2875 ris
560 2820 662 2874 rationo
673 2823 814 2890 sequenti,
971 2824 1062 2879 llartis
1076 2825 1103 2878 in
1118 2824 1220 2878 octonis
1235 2821 1289 2878 eris
1301 2823 1360 2891 ejus
1374 2823 1450 2892 origo
1460 2820 1599 2888 liniendis,
1629 2811 1633 2818 ’

132 2907 214 2964 butue
229 2908 287 2964 dies
298 2910 397 2964 mensis
410 2924 549 2965 numerum
563 2925 671 2979 quoque
682 2911 766 2980 junge
777 2915 883 2982 prioris,
972 2911 1001 2967 ln
1013 2914 1157 2982 nonaginta
1172 2911 1293 2965 durando
1305 2910 1400 2965 dicbus
1414 2921 1441 2965 et
1454 2925 1516 2965 una.

133 3003 189 3068 tlon
205 3002 275 3057 iacto
288 3003 374 3058 mensi
384 3017 431 3058 sua
443 3005 497 3057 suit
509 3002 610 3057 transatio
621 3002 703 3058 demi.
1006 3003 1073 3057 Ctsn
1086 3001 1173 3056 ostent
1188 3002 1286 3056 ilorcas
1299 3015 1347 3070 per
1357 3001 1442 3055 solem
1454 3014 1513 3055 mos
1529 2998 1558 3052 iit
1572 3006 1599 3054 et
1611 3006 1700 3065 estas,

167 3092 296 3148 Ascribas
310 3094 396 3149 mensi
410 3095 576 3148 remanentia
589 3108 658 3162 pone
669 3093 804 3161 sequenti,
944 3085 955 3108 ‘
970 3095 1103 3164 Terunpora
1115 3104 1244 3148 nocturna
1258 3093 1361 3148 breviat
1372 3091 1511 3162 spatiando
1525 3090 1632 3156 diurna,

133 3180 225 3238 biscas
238 3182 262 3237 si
276 3184 365 3238 neseis
378 3194 457 3252 quota
472 3184 508 3238 sit
522 3185 625 3238 lunatio
640 3186 754 3254 quaeris,
970 3187 1065 3242 lunius
1078 3194 1189 3238 octonas
1199 3183 1276 3253 jubet
1290 3186 1359 3236 lianc
1371 3183 1472 3237 intrare
1484 3178 1629 3247 Kalendas,

133 3273 265 3330 Uensibus
279 3284 322 3331 est
334 3277 395 3331 lttna
411 3276 519 3345 paribus
532 3276 659 3344 vigesima
674 3289 753 3338 notra,
971 3277 999 3331 in
1012 3276 1155 3345 trottaginta
1168 3275 1289 3329 durando
1300 3272 1394 3329 diebus
1407 3283 1435 3328 et
1448 3281 1526 3339 una,

133 3365 233 3422 Crescit
244 3368 271 3420 in
285 3366 431 3436 imparibus
444 3375 510 3420 actas
523 3368 669 3436 trigesima,
684 3366 761 3436 cujus
970 3363 1060 3420 AEstss
1073 3380 1107 3419 es
1121 3366 1183 3435 igne
1195 3374 1259 3431 stat,
1273 3379 1320 3418 rer
1332 3370 1360 3418 et
1372 3363 1408 3418 ab
1420 3363 1555 3417 ariditate.
1672 3373 1675 3378 ·

132 3456 188 3514 llos
203 3459 231 3511 in
245 3460 368 3528 catalogo
383 3472 525 3512 mensurus
538 3457 642 3512 nnuntiat
652 3457 727 3511 ordo.
970 3455 1075 3510 essolet
1086 3466 1229 3509 autumnus
1241 3464 1335 3509 noctes
1345 3468 1453 3525 sequare
1466 3454 1572 3518 diebus,

166 3547 194 3605 Si
212 3548 293 3602 libeat
303 3547 375 3602 scire
388 3562 515 3602 numerus
527 3547 579 3602 sibi
593 3547 657 3616 quid
670 3547 733 3601 sciit
748 3548 812 3613 iste,
969 3544 1004 3600 Et
1014 3545 1087 3613 cupit
1098 3547 1201 3600 octonis
1212 3545 1377 3615 Septembris
1390 3545 1486 3599 adesse
1499 3541 1637 3608 lialetudis,

132 3638 197 3695 bloio
211 3653 324 3695 numero
334 3640 430 3709 jungas
444 3641 507 3694 anni
521 3642 661 3708 presentis
672 3650 796 3708 epactas,
971 3634 1143 3690 Perdurando
1154 3634 1237 3688 tribus
1248 3635 1446 3703 nonagintaque
1458 3633 1564 3697 diebus,

132 3730 270 3801 Colligitur
284 3744 411 3786 numerus
426 3731 534 3800 triginta
546 3730 588 3784 tei
604 3732 693 3783 tunitius
704 3737 750 3783 aut
766 3729 833 3796 rrius,
969 3725 1014 3781 Sic
1024 3741 1057 3781 ex
1071 3725 1161 3794 algore
1175 3733 1227 3778 stat
1240 3738 1346 3791 senuper
1361 3733 1389 3778 et
1402 3724 1535 3777 ariditate.

132 3820 284 3890 'trigintave
298 3823 386 3875 minus
402 3818 424 3874 si
438 3820 492 3874 sint
506 3828 559 3874 tota
575 3820 702 3890 Cyntinia,
716 3820 738 3874 si
755 3820 822 3886 plus,
1006 3815 1102 3871 {teddit
1116 3815 1201 3869 luiesns
1213 3812 1295 3883 iuigus
1305 3827 1365 3867 cum
1378 3813 1413 3865 sit
1425 3827 1507 3880 prope
1518 3813 1559 3866 sol
1572 3812 1685 3880 alienus,

133 3908 250 3980 Triginta
261 3910 356 3964 demas
370 3909 570 3963 remanentibus
583 3919 611 3963 et
626 3909 709 3977 liquet
724 3917 800 3974 aetas,
969 3909 1036 3963 Cum
1050 3915 1112 3961 snm
1126 3915 1256 3960 trocturna
1269 3905 1369 3973 prolixa
1383 3904 1483 3958 niirruta
1498 3904 1606 3969 diurna,

130 4001 227 4059 Sicutii
242 4016 351 4056 menoses
362 4002 446 4056 mensi
458 3999 601 4071 respondet
616 4001 642 4054 in
657 4001 740 4063 boris,
969 4000 1035 4068 Quian
1049 3999 1146 4053 deciani
1158 3998 1259 4053 mensis
1275 3997 1378 4052 orditur
1393 4003 1419 4053 tu
1430 4009 1491 4054 octo
1502 3998 1643 4070 Kalendis,

133 4097 183 4152 Per
194 4095 279 4151 lenus
292 4095 377 4150 mensi
390 4094 507 4161 decimo,
521 4092 691 4162 l'ebruusque
703 4091 864 4157 Nouembri,
969 4090 1103 4156 Tempore
1117 4086 1247 4142 denorum
1264 4088 1356 4142 novies
1369 4096 1495 4141 cosntenta
1508 4088 1623 4152 dierunt,

132 4187 240 4243 Hartins
253 4187 375 4250 Octobri,
394 4201 444 4256 par
457 4194 499 4240 est
512 4185 670 4255 September
680 4186 775 4254 Aprili.
970 4179 1034 4235 ilaec
1043 4194 1075 4233 es
1087 4180 1178 4247 algore
1192 4185 1244 4232 stat
1255 4192 1361 4246 semper
1374 4188 1401 4232 et
1412 4177 1546 4234 ariditate.

131 4278 214 4333 llaius
227 4276 398 4345 Sestili,‚par
407 4275 502 4331 lunius
516 4286 557 4329 est
574 4276 631 4339 tibi,
646 4274 710 4330 tuti.
1005 4276 1097 4329 Asinus
1110 4271 1143 4327 ad
1155 4272 1295 4327 ecclesiam
1309 4286 1388 4340 super
1404 4271 1445 4326 bis
1461 4271 1541 4327 babet
1554 4273 1718 4344 allegoriam,

132 4369 200 4422 b'cce
214 4368 274 4422 dies
288 4368 356 4421 nosti
371 4368 431 4434 qnia
446 4367 481 4421 sit
497 4366 636 4433 presentia
652 4366 756 4420 Pboebi.
930 4375 958 4438 [ι
972 4366 1098 4422 Ecclesiae
1109 4364 1229 4433 designat
1241 4364 1327 4419 biems
1339 4364 1580 4429 incommoditates,

165 4458 234 4513 Surus
249 4457 303 4513 duro
313 4457 422 4527 legitimi
434 4467 524 4512 tauma
540 4457 677 4511 interuallo
692 4458 756 4512 diei.
969 4458 1124 4527 Tempestas
1135 4455 1241 4526 quando
1255 4457 1283 4508 lit
1294 4469 1354 4510 cum
1367 4455 1459 4524 glacie,
1473 4455 1543 4522 nise,
1560 4454 1648 4519 turbo,

132 4549 219 4605 linum
232 4557 393 4603 nocturnum
409 4548 539 4617 vocitant,
554 4548 679 4618 aliudque
689 4549 814 4602 diurnum
969 4550 1059 4605 AEstas
1068 4558 1109 4605 est
1122 4547 1183 4602 lidei
1195 4548 1331 4616 neglectus
1342 4555 1369 4600 et
1384 4545 1448 4599 ultio
1461 4546 1571 4602 Cirristi.

133 4643 183 4698 llac
195 4651 260 4697 sunt
273 4640 372 4711 quippe
385 4633 429 4694 die
443 4639 534 4709 siginti
547 4650 673 4710 quattuor
688 4639 771 4707 bore,
969 4645 997 4699 ln
1012 4659 1062 4713 qna
1076 4643 1205 4697 doctrinm
1221 4642 1355 4694 siccantur
1369 4639 1403 4692 ab
1416 4637 1540 4691 ariditate
1554 4655 1560 4688 z

133 4733 262 4790 liorarum
276 4730 362 4801 spatia
375 4730 495 4786 duodena
509 4731 659 4787 subindicat
670 4731 747 4799 bora,
970 4733 1023 4787 Ver
1035 4733 1138 4787 nouitas
1152 4730 1212 4784 ltdei
1229 4740 1288 4796 post
1299 4728 1351 4781 niun
1367 4729 1434 4781 nivis
1448 4737 1475 4779 et
1485 4726 1590 4794 glaciei.

133 4825 188 4880 lam
202 4825 312 4897 proprie
325 4823 411 4895 spatio
425 4824 474 4876 tris
488 4823 651 4891 subjunxere
664 4821 762 4877 diurno
968 4822 1062 4888 Nobis,
1076 4821 1156 4876 occisi
1170 4835 1223 4890 quo
1234 4821 1332 4889 pascha
1346 4820 1494 4873 tenebimus
1506 4820 1577 4886 agui,

134 4916 207 4971 Hane
219 4914 328 4984 quidem
338 4953 348 4980 ,
360 4913 516 4982 mediasque
530 4912 600 4966 diem
615 4927 747 4967 summam
768 4928 850 4982 prope
867 4929 915 4966 nn·
969 4914 1035 4971 Corn
1047 4915 1119 4969 venit
1130 4922 1274 4966 autumnus
1287 4919 1442 4979 proventum
1455 4909 1546 4964 lertilis
1560 4925 1655 4976 annus,

164 5004 241 5062 Sicut
254 5018 332 5058 mens
345 5003 447 5072 populi,
463 5006 580 5057 variatur
593 5005 668 5073 origo
682 5003 753 5070 diei,
822 5003 914 5075 [elutus.
968 5007 1088 5063 cotibus
1099 5005 1238 5061 ecclesiam
1254 5011 1406 5057 carantocum
1418 5002 1484 5056 dauns
1498 5004 1688 5058 resumendam.

134 5093 169 5149 bs
183 5104 245 5151 ortu
258 5094 355 5149 l‘btebi
371 5101 447 5164 putat
461 5092 529 5146 baruc
543 5091 685 5148 Clueldceus
695 5093 771 5163 oriri,
1006 5098 1057 5152 ller
1072 5109 1177 5161 tempus
1188 5097 1282 5150 dicunt
1295 5110 1348 5164 quo
1362 5094 1464 5149 semina
1475 5105 1569 5149 cuneta
1583 5093 1729 5159 virescunt,

134 5185 182 5242 Sed
196 5199 263 5256 flens
273 5184 394 5257 Ennii.
408 5190 484 5254 putat
498 5191 558 5237 01111
574 5183 659 5238 1101111
674 5183 751 5247 otili.
968 5187 1035 5246 Cam
1046 5190 1112 5242 vites
1123 5187 1235 5257 gemmis
1249 5186 1327 5240 tellus
1337 5186 1449 5240 vestitur
1459 5183 1492 5237 ab
1507 5183 1608 5245 herbis,

132 5275 213 5332 liocte
228 5284 305 5345 putat
318 5274 405 5329 medis
418 5273 553 5328 Romanus
566 5281 595 5326 ut
604 5273 712 5328 inchoet
722 5274 791 5343 ipsa,
971 5280 1017 5335 Est
1026 5287 1105 5334 restas
1119 5288 1222 5348 ternpus
1237 5291 1289 5348 quo
1305 5277 1388 5331 ierset
1399 5276 1425 5331 in
1436 5275 1559 5332 omnibus
1573 5285 1666 5340 astus,

132 5368 193 5425 inde
206 5369 295 5424 solent
309 5368 371 5439 galli
386 5377 495 5423 cantare
510 5368 598 5422 iutura
609 5367 672 5422 dici.
969 5369 1109 5426 Credimus
1124 5382 1280 5424 autuumunr
1292 5369 1327 5423 de
1337 5376 1496 5437 tempestate
1511 5375 1648 5431 vocatum,

131 5460 185 5515 tux
197 5476 259 5530 quae
272 5460 359 5529 prima
374 5460 434 5525 init,
448 5468 553 5513 noctem
570 5459 723 5528 precedere
733 5463 826 5528 coepit,
969 5462 1082 5529 Quando
1094 5461 1194 5516 cadunt
1207 5458 1282 5524 iotis,
1296 5471 1358 5515 sum
1369 5459 1580 5528 tempestivaque
1593 5461 1697 5519 cuncta,

132 5553 193 5607 lde
205 5552 326 5606 letitiam
338 5550 499 5620 portendens
510 5560 572 5606 ante
585 5550 703 5617 ruinam,
970 5552 1033 5608 bert
1046 5550 1234 5621 bemispbaerio
1247 5566 1396 5621 cognomen
1411 5550 1497 5604 triems
1510 5560 1592 5616 super
1604 5558 1673 5609 tuno,

129 5649 213 5716 duam
225 5646 294 5703 bene
305 5647 435 5702 tornatus
447 5645 543 5701 cecidit
555 5646 605 5705 sub
617 5657 695 5704 nocte
707 5653 811 5713 reatus3
969 5645 1015 5703 Sol
1027 5645 1088 5717 qnia
1102 5652 1163 5701 tune
1178 5644 1248 5702 solui
1260 5645 1329 5701 solet
1339 5645 1366 5700 in
1378 5643 1465 5713 spatio
1476 5638 1602 5707 breviori,

270 5747 407 5809 Psrnoc.
417 5745 526 5811 xctv.
906 5816 922 5827 μ
986 5791 1002 5807 .
1501 5736 1538 5799 ‘ld
