3802 6126
59 190 113 251 rot
293 169 297 175 ’
364 197 368 205 ·
463 189 560 248 socr.
581 189 603 245 t.
624 185 843 247 staurus.-
864 188 929 245 rto.
950 188 1276 249 trttonccnutse.
1644 203 1698 263 res

55 309 147 364 stulto
160 304 303 362 scientiam
324 302 445 358 veritatis
455 318 534 373 quarn
547 302 669 357 carnales
682 313 793 356 eatenus
808 317 856 370 po·
869 305 895 366 Α
907 304 990 359 sancti
1006 312 1045 359 tot
1059 313 1087 359 et
1101 314 1173 360 tanto
1189 307 1317 363 miracula
1342 308 1368 364 in
1385 312 1493 369 nomine
1503 313 1604 372 Christi
1620 318 1695 378 iees·

57 410 138 455 tuere
151 397 290 452 consecuti
305 406 380 458 sunt,
395 395 490 463 majori
503 393 641 449 desiderio
657 393 778 453 certandi
807 407 855 462 pro
907 405 980 461 runt,
996 396 1093 466 mribus
1117 398 1211 452 orbern
1227 407 1310 454 totum
1326 401 1359 455 ad
1375 401 1454 457 iidem
1470 403 1568 460 citrini
1581 423 1697 466 conter-

56 492 177 546 reritste
192 490 316 543 succensi
333 495 406 542 suat.
421 485 479 541 Nou
496 494 585 539 tamen
605 484 750 550 putandum
764 494 805 539 cst
829 485 855 539 in
907 493 1005 552 terent,
1033 495 1073 542 tot
1087 501 1118 543 ac
1132 498 1202 542 tanta
1228 506 1277 558 pru
1291 489 1390 545 Cirristi
1410 495 1518 551 nomine
1541 501 1694 565 passionum

56 583 181 636 bussita
207 579 362 648 quempiam
389 591 498 631 ornnem
521 577 662 631 ceritatem
687 591 855 643 possecom-
905 569 1052 628 dertamina
1069 579 1245 644 pertulerunt,
1270 580 1356 636 donec
1373 584 1430 651 ipss
1454 588 1535 640 etium
1561 593 1692 654 stipando-

57 670 245 740 preitendere,
264 681 326 722 enm
341 669 399 719 lraec
410 665 471 719 lidei
487 675 586 719 nostrae
601 679 705 718 merces
718 667 744 718 in
755 665 807 718 siia
821 665 857 719 sit
906 680 966 720 rnrn
979 667 1046 722 colia
1061 682 1263 737 persecutorum
1275 677 1436 731 stravissimn
1448 679 1548 735 Cbristr
1561 681 1625 753 joun
1637 690 1695 740 stris-

58 764 115 817 rita
131 761 278 828 promissa,
293 759 351 826 ipsa
363 756 476 811 veritate
487 757 592 810 dicente
607 773 615 811 ε
641 755 707 810 iioec
721 749 757 810 est
770 765 856 810 astent
907 755 1053 812 mitterent.
1069 759 1185 828 Spiritus
1199 762 1331 818 ciariiirst
1342 766 1492 831 cinistrnn,
1508 785 1568 825 curn
1582 788 1629 826 sna
1646 794 1695 826 nos

58 853 112 906 rita
124 861 236 912 eterna,
252 858 280 901 ut
292 855 447 917 eognomnt
460 857 484 900 te
503 845 587 900 soient
606 862 693 900 snare
707 844 806 913 Detrrn,
833 856 857 901 et
906 843 1081 913 inspiratione
1101 853 1133 905 ad
1150 853 1312 922 diligendam
1336 859 1395 924 ejns
1410 861 1540 916 visionem
1558 871 1693 928 arcrrnirt,

58 959 136 1009 queror
162 940 255 994 nisisrs·
269 937 360 993 ierant
380 936 512 991 ctrrr'nnrn
527 938 620 1003 (ioan.
641 936 717 1006 xvtt).
741 937 774 992 Et
792 937 855 994 aiibi
905 949 967 990 eum
981 934 1052 992 illurn
1069 940 1139 995 Patri
1156 942 1181 997 in
1202 947 1341 1001 divinitate
1353 955 1483 1017 aeqrraietn
1497 968 1558 1008 e-se
1573 960 1690 1010 creden·

61 1037 95 1088 sd
109 1032 245 1089 iudans:
267 1031 298 1086 Si
312 1030 454 1083 manseritis
472 1028 500 1082 in
513 1027 586 1083 reiro
608 1043 675 1094 ntea,
699 1042 756 1083 sere
777 1028 856 1082 dissi·
907 1027 970 1084 dutn
984 1029 1100 1084 bdelium
1115 1035 1240 1088 cordibus
1257 1037 1372 1093 intimat.

60 1125 120 1196 pali
131 1125 184 1179 arei
196 1124 280 1188 eritis,
303 1131 326 1176 ei
347 1122 505 1192 cognoscetis
526 1121 655 1173 acritatem
680 1118 769 1188 (ioan.
785 1119 854 1190 ortt).
944 1121 1010 1186 Quia
1022 1123 1052 1175 de
1066 1139 1131 1184 nteo,
1144 1124 1239 1191 inarsit,
1264 1130 1380 1194 accipiet,
1401 1141 1424 1184 et
1439 1135 1599 1188 annuntiabit
1615 1138 1693 1195 robis.

60 1216 143 1273 Unde
172 1224 202 1270 et
233 1212 401 1282 Apostolus,
425 1212 470 1279 aui
493 1211 527 1265 ad
551 1210 659 1265 tertium
689 1212 788 1265 cuium
810 1226 856 1265 ra·
908 1209 1035 1267 liePatro
1057 1213 1153 1281 accipit
1173 1217 1420 1283 spirtrrrssnrrcrrn,
1451 1225 1521 1276 rtndn
1545 1229 1692 1292 accipitri

62 1321 126 1380 ptus
141 1308 244 1364 sodirit
259 1321 358 1362 arcana
381 1305 463 1361 rerba
482 1321 542 1375 qun
555 1321 610 1360 non
630 1303 730 1363 licebat
754 1308 855 1363 bamini
908 1302 1001 1370 Filius,
1018 1306 1080 1373 ania
1096 1307 1123 1360 in
1145 1307 1195 1361 bac
1210 1311 1329 1363 trinitate
1344 1313 1378 1366 de
1394 1314 1471 1369 Patre
1496 1331 1573 1371 noros
1588 1334 1628 1372 esr
1646 1321 1689 1374 Fr·

60 1404 159 1472 bsai:
181 1401 318 1470 Eepartr,
343 1401 448 1470 inquit,
473 1400 659 1468 cognoscimus,
683 1409 707 1453 et
730 1417 762 1454 ec
785 1410 856 1467 parte
907 1393 969 1460 ¹5⁰8,
985 1395 1019 1449 de
1033 1395 1110 1451 Patre
1125 1399 1246 1465 procedit
1268 1402 1382 1469 Spiritus
1397 1417 1515 1458 sanetus.
1540 1410 1589 1471 Qui
1603 1422 1693 1464 autern

58 1494 248 1564 „pectamur
262 1488 290 1562 (l
313 1488 374 1546 Gor.
398 1490 471 1559 sini.
498 1490 703 1560 intelligendum
727 1499 768 1545 est
791 1505 855 1561 ergo
906 1485 940 1540 de
954 1487 1027 1540 anilo
1042 1500 1120 1544 natus
1141 1492 1187 1557 sit,
1205 1492 1239 1545 de
1254 1496 1328 1546 nntlo
1343 1499 1477 1561 procerior,
1503 1499 1580 1553 i'arcr
1599 1511 1695 1554 cstso·

61 1584 134 1655 quod
148 1583 186 1638 sit
209 1583 244 1637 de
257 1581 379 1651 Spiritu:
405 1580 509 1635 Doceiit
523 1595 567 1634 ros
592 1597 691 1635 omnent
713 1581 853 1646 orritmenr,
908 1576 958 1632 las.
978 1579 1071 1632 Omnia
1091 1598 1247 1652 utrocunque
1260 1583 1335 1637 babet
1352 1583 1439 1650 Pater,
1456 1604 1513 1640 mea
1533 1601 1610 1652 sont:
1634 1607 1696 1654 pro·

58 1675 138 1745 quasi
152 1674 276 1728 diceret:
302 1670 437 1726 liidundet
459 1671 485 1726 in
500 1669 629 1725 cordibus
654 1670 755 1725 restris
769 1671 856 1726 obari·
873 1658 994 1739 Bpterea
1013 1671 1068 1724 disi
1080 1673 1141 1740 quia
1163 1677 1194 1727 rie
1207 1691 1261 1729 nno
1274 1677 1381 1745 accipiet
1402 1689 1425 1730 er
1439 1680 1600 1731 antranrirriir
1616 1681 1695 1735 robis.

58 1776 157 1833 utens,
181 1764 262 1834 cujus
276 1761 431 1833 magisterio
455 1763 526 1816 intus
548 1761 637 1816 edocti
662 1761 806 1831 proiiciatis
825 1761 858 1818 dc
909 1759 947 1815 lie
962 1759 1083 1816 bisdisit
1102 1779 1162 1832 qun
1176 1766 1209 1817 ad
1234 1765 1318 1833 ipsam
1344 1768 1428 1821 Patris
1449 1771 1617 1824 divinitatem
1634 1787 1697 1839 per·

61 1858 163 1911 uirtute
187 1854 216 1909 io
229 1854 374 1919 virtutem,
398 1851 525 1922 dignique
538 1851 694 1908 ciliciamini
716 1857 858 1922 pertenire
909 1853 1048 1916 tinentia
1067 1856 1220 1923 cuibasilii
1236 1863 1415 1929 ostensuris,
1431 1865 1520 1917 onrrria
1535 1881 1594 1931 non
1615 1866 1696 1921 inaltet
1740 1905 1742 1908 ι

58 1948 98 2003 ati
116 1946 214 2011 vitata,
231 1942 414 2015 ingustobis
432 1951 531 1999 aterna
551 1942 658 1998 cirritos
680 1957 793 1999 summe
808 1959 856 1998 tc·
907 1945 989 2003 Pater
1017 1947 1150 2006 babendo.
1185 1952 1276 2022 Neque
1300 1957 1372 2008 enirn
1396 1955 1511 2023 Spiritus
1534 1973 1641 2013 sanctus
1662 1961 1696 2014 de

60 2038 151 2093 sitatis
174 2045 204 2092 et
226 2051 298 2092 terre
317 2035 502 2100 sublimitatis,
528 2033 556 2091 id
580 2045 634 2101 est,
661 2037 857 2108 contemplatio
907 2050 1101 2112 creaturaque
1118 2043 1188 2098 l’atri
1211 2054 1252 2099 est
1266 2046 1387 2114 subiecta
1410 2057 1437 2101 et
1453 2048 1521 2102 Fnlro
1536 2064 1592 2102 orat
1615 2067 1694 2106 ncca-

63 2129 145 2185 sestri
160 2126 317 2184 &adituris
332 2132 478 2196 appareat·
585 2192 591 2200 ι
907 2139 1010 2199 pturns,
1027 2132 1097 2202 qrrorl
1112 2135 1168 2187 ait:
1195 2134 1233 2187 lle
1255 2152 1309 2188 area
1333 2137 1450 2202 arripiet,
1475 2139 1522 2192 sed
1545 2143 1637 2207 utique
1660 2144 1694 2196 de

99 2221 162 2275 lt'arr
172 2222 241 2274 esim
252 2219 398 2289 loquetura
414 2219 559 2286 nonetipso,
582 2219 626 2273 seri
638 2234 793 2290 guoemngrre
810 2236 857 2274 au·
908 2219 988 2277 Patre
1003 2226 1037 2277 de
1052 2239 1105 2289 ouo
1121 2226 1242 2291 procedit
1256 2226 1384 2294 Spiritus,
1401 2229 1434 2281 rie
1449 2244 1501 2295 rpra
1518 2241 1595 2282 natnr
1611 2240 1651 2284 est
1666 2243 1693 2286 ct

59 2313 262 2383 distinguetur.
284 2310 343 2365 lion
359 2310 476 2379 loquitur
490 2308 606 2380 Spiritus
619 2322 635 2363 s
649 2312 805 2380 semetipso,
830 2312 857 2367 itl
907 2309 1000 2366 trtius.
1015 2312 1068 2368 Sed
1082 2315 1155 2382 utris,
1175 2314 1292 2369 donanto
1310 2317 1432 2382 llorrtirro,
1450 2320 1591 2375 lectionem
1607 2325 1693 2379 sancti

55 2410 116 2466 est,
140 2405 202 2456 sine
223 2399 311 2454 Patris
324 2408 352 2454 et
374 2398 437 2454 i'tttt
453 2399 656 2467 communione,
681 2403 855 2471 nequeenim
909 2404 1055 2473 Evangelii,
1083 2405 1192 2460 Panum
1217 2408 1329 2475 uestigia
1353 2421 1505 2478 seprienses,
1530 2419 1692 2472 crnrnrernio

56 2493 169 2548 divisus
182 2507 215 2548 ae
227 2507 244 2545 a
256 2507 286 2548 te
307 2490 421 2562 partitus
435 2499 478 2546 est
492 2491 620 2561 Spiritus,
631 2492 679 2547 ted
691 2508 857 2565 quantoque
907 2497 1128 2565 transcurrimus,
1143 2508 1224 2553 restat
1240 2509 1355 2553 restratn
1368 2502 1574 2566 iraternitutem,
1590 2504 1692 2558 cbaris-

56 2587 159 2640 asdiet
171 2586 311 2655 isaacium
337 2584 427 2639 audiet
442 2583 564 2639 videlicet
580 2598 628 2654 per
645 2587 776 2640 unitatem
790 2588 856 2642 sub·
906 2586 977 2647 simi.
993 2602 1097 2641 mecum
1114 2588 1212 2656 pariter
1224 2590 1380 2656 admonere,
1407 2600 1435 2644 ut
1454 2591 1512 2661 ejus
1533 2601 1693 2649 rncrnortstn

57 2678 185 2744 suane,
208 2687 236 2732 et
257 2676 446 2746 proprietatem
468 2675 599 2730 scientia.
623 2676 682 2732 tion
707 2676 856 2746 loquitnrs
906 2675 1017 2730 sollicita
1032 2691 1139 2743 semper
1163 2680 1311 2734 intentione
1333 2694 1486 2745 sorrenrrrs,
1501 2682 1559 2749 ejus
1576 2684 1695 2737 snsrira·

60 2770 232 2836 minsa,
245 2766 308 2835 auia
328 2781 381 2820 non
395 2777 465 2821 esta
483 2767 640 2834 semetipso.
667 2767 747 2822 i‘ater
759 2769 858 2838 quippe
906 2773 961 2820 tetn
976 2775 1003 2820 et
1016 2767 1117 2823 devoto
1140 2778 1247 2836 pectore
1260 2780 1421 2836 scrutentur,
1445 2781 1472 2824 ct
1497 2783 1572 2827 casto
1593 2775 1693 2841 saepias

57 2862 149 2926 solas,
172 2861 209 2916 ds
221 2861 276 2914 aiio
299 2875 352 2914 non
367 2867 418 2914 est.
444 2858 509 2913 liant
522 2868 549 2914 et
569 2859 654 2916 Filius
669 2862 703 2917 dc
719 2860 798 2919 Patre
810 2879 859 2919 na·
907 2873 955 2914 ore
971 2861 1146 2915 ruminemus.
1172 2861 1240 2930 Quid
1253 2864 1325 2919 eniro
1341 2867 1449 2932 prodest
1473 2864 1505 2919 ad
1530 2869 1692 2922 sariicndutn

57 2962 171 3023 tuaest,
196 2962 226 3009 ot
248 2952 368 3021 Spiritus
382 2959 492 3007 sanctus
512 2951 546 3007 de
561 2951 643 3009 Patre
658 2953 791 3021 procedit.
815 2956 857 3012 tto
870 3003 893 3065 C
908 2948 1082 3005 Deitrerbum
1095 2956 1251 3018 contenire,
1276 2963 1304 3008 et
1319 2957 1426 3034 expleto
1441 2956 1531 3009 auditu
1556 2958 1588 3010 nd
1605 2959 1693 3013 irrania

58 3047 122 3116 ipso
135 3053 228 3100 sotem
242 3043 334 3098 audiet
348 3042 473 3113 Spiritus,
489 3056 571 3114 aquo
585 3045 713 3112 procedit,
730 3047 791 3115 quis
802 3061 854 3101 non
908 3059 969 3098 tnot
982 3057 1009 3099 et
1021 3046 1160 3100 saecuiaria
1174 3045 1306 3116 colloquia
1323 3048 1364 3100 rei
1375 3057 1434 3101 acta
1454 3049 1592 3103 consortii
1608 3050 1693 3104 licca-

57 3148 106 3193 est
118 3153 134 3193 a
147 3138 254 3207 seipso,
275 3136 323 3192 scd
339 3134 374 3189 ab
387 3136 435 3190 ilio
448 3149 464 3189 a
478 3150 531 3204 quo
554 3136 686 3206 procedit.
711 3137 732 3190 tt
749 3152 803 3206 quo
816 3137 855 3195 illi
907 3131 1068 3206 ismusergo
1081 3137 1156 3204 iutra
1178 3138 1249 3205 quod
1265 3138 1357 3192 csdcnr
1373 3138 1501 3193 corrinnei
1516 3140 1605 3201 locrio,
1630 3143 1693 3210 quia

60 3241 105 3286 est
118 3228 252 3293 ruentia,
264 3228 299 3283 ab
313 3226 360 3281 iiio
370 3227 461 3294 ntique
474 3234 501 3280 ct
515 3226 639 3280 scientia.
656 3225 697 3281 rib
711 3227 757 3281 iiio
776 3228 855 3298 igitur
906 3227 1034 3284 ilortrinrrs
1048 3240 1149 3296 noster,
1163 3231 1267 3299 expleta
1284 3231 1420 3299 passione,
1436 3233 1559 3284 rediitad
1585 3233 1689 3287 Patrem

60 3324 211 3387 audientis,
227 3320 299 3392 quod
312 3320 382 3375 nibil
392 3328 437 3376 est
454 3319 527 3374 aiiud
540 3334 621 3389 quarn
636 3321 758 3376 scientia.
777 3322 854 3389 Quod
905 3332 986 3387 anuo
1001 3319 1099 3375 missus
1111 3329 1162 3384 est,
1178 3335 1228 3374 nec
1242 3322 1358 3388 Patrem,
1383 3335 1444 3375 cunr
1458 3323 1491 3375 ad
1508 3337 1556 3375 nos
1573 3328 1689 3388 reniret,

60 3429 127 3470 sero
137 3413 285 3482 adjunxit:
905 3423 954 3464 nec
969 3424 1017 3464 nos
1034 3410 1171 3474 deserens,
1195 3426 1255 3464 curn
1278 3412 1388 3465 rediret.
1415 3412 1480 3467 iiiuc
1501 3415 1558 3481 ejus
1580 3416 1690 3483 rcstigin

98 3502 132 3557 Et
147 3518 206 3574 qsoe
221 3503 310 3570 [atara
322 3509 381 3557 sant
402 3501 566 3557 annuntiabit
585 3501 664 3556 sabis.
688 3501 800 3557 Constat
813 3502 854 3556 in·
905 3501 1072 3555 tutamentis
1087 3501 1147 3554 nisu
1167 3512 1311 3568 sectemur,
1326 3512 1353 3555 ct
1375 3512 1403 3554 ut
1417 3502 1462 3555 iilo
1485 3506 1637 3570 pertenire,
1664 3515 1691 3559 et

60 3607 190 3647 naturas
214 3590 335 3646 nostiam
358 3605 407 3659 per
428 3591 527 3645 donum
541 3592 627 3645 sancti
641 3590 758 3658 Spiritus
781 3607 854 3660 prcc-
904 3591 977 3646 iiiius
994 3593 1070 3660 regni
1094 3591 1203 3659 ianuam
1226 3606 1379 3645 mereamur
1401 3592 1513 3657 intrare,
1541 3596 1691 3659 perpenda-

62 3697 142 3738 sosse
156 3697 188 3739 ae
204 3682 364 3752 praedixisse
378 3690 502 3736 ventura.
515 3680 568 3735 Sed
584 3682 645 3751 quis
659 3689 722 3735 sunt
733 3682 852 3737 nannsiii
904 3699 963 3739 mus
979 3698 1139 3752 magnopere
1152 3683 1249 3752 quibus
1264 3685 1397 3737 actionum
1419 3685 1556 3750 gressibus
1574 3685 1600 3738 in
1617 3695 1689 3740 terra

60 3777 118 3846 qai,
134 3774 253 3845 Spiritus
266 3775 359 3844 gratis:
372 3773 456 3844 pleni,
470 3774 592 3828 iniirmos
612 3782 718 3837 curant,
734 3782 853 3829 mortuos
903 3777 1003 3846 degens
1017 3774 1166 3829 incesserit,
1194 3773 1243 3842 Qui
1259 3774 1328 3828 enim
1343 3773 1408 3827 dicit
1422 3789 1451 3827 se
1467 3773 1492 3826 in
1509 3772 1615 3827 cbristo
1630 3790 1689 3828 tna-

60 3868 212 3932 suseitant,
235 3864 405 3921 daemonibus
430 3866 572 3935 imperant,
599 3865 690 3919 moitis
711 3865 853 3922 virtutibus
905 3885 979 3935 acre,
996 3868 1158 3922 debctsicrrt
1183 3863 1400 3935 ipsesnrbuiatit
1422 3874 1448 3919 et
1464 3866 1521 3932 ipse
1535 3866 1687 3921 ambulare.

61 3967 225 4023 commiti·
250 3957 302 4028 iiiii
326 3956 476 4028 intentam
495 3955 521 4010 5¹¹
544 3956 622 4010 terris
643 3955 724 4010 sitam
747 3965 852 4023 gerunt,
903 3960 984 4016 Certe
999 3960 1056 4029 ipse
1079 3973 1126 4028 per
1141 3971 1243 4029 agones
1265 3957 1420 4025 passionum
1436 3956 1469 4009 ad
1485 3971 1615 4011 cororram
1631 3972 1693 4024 per·

63 4065 111 4106 sec
124 4059 219 4104 tamen
234 4047 361 4118 quesibi
383 4047 438 4100 sint
461 4054 572 4100 ventura
597 4045 712 4114 Spiritus
731 4046 852 4114 ejusdcm
903 4051 978 4104 renit
998 4050 1109 4120 glorise3
1136 4049 1231 4102 rnorito
1244 4061 1307 4117 ergo
1335 4047 1472 4101 tnrtnnrrn
1493 4056 1520 4102 et
1537 4050 1612 4102 nobis
1626 4051 1690 4117 quia

63 4141 230 4196 resciatione
254 4145 430 4209 cognoscunt.
454 4136 547 4192 Potest
570 4137 613 4190 irie
635 4135 739 4190 Domini
764 4149 853 4190 senno
904 4155 951 4210 per
975 4143 1073 4194 multas
1087 4139 1271 4194 tribulationes
1285 4148 1392 4207 oportet
1406 4154 1455 4192 nos
1477 4140 1577 4192 intrare
1600 4140 1628 4193 itt
1648 4156 1692 4195 re·

61 4232 143 4284 etiam
156 4228 199 4283 sic
213 4228 312 4297 accipi,
336 4228 399 4296 quis
414 4226 533 4297 Spiritus
558 4226 703 4282 sdreniens
716 4242 776 4296 quc
789 4240 853 4280 ten·
903 4245 984 4300 gnum
1005 4230 1062 4284 lici.
1084 4229 1160 4285 Unde
1174 4237 1201 4284 et
1215 4228 1352 4298 apostolus
1369 4229 1472 4291 Pctrns,
1493 4227 1621 4283 obsessus
1636 4229 1690 4283 ier-

64 4336 122 4380 tsra
135 4332 203 4379 sunt
215 4321 294 4378 nobis
309 4321 459 4386 annuntiat,
485 4335 546 4375 curn
559 4320 654 4391 gandia
669 4319 744 4374 nobis
759 4321 850 4388 patria
867 4336 974 4415 l>titre
1001 4321 1189 4384 tentationum,
1214 4319 1373 4390 quibusdam
1398 4319 1526 4372 iratribus
1548 4324 1692 4375 consolans

61 4411 408 4473 adestisadmetnoriant
433 4411 553 4477 reducit,
581 4411 722 4467 cumiestn
746 4411 789 4465 illa
805 4428 851 4464 su·
904 4412 1013 4467 aicbat:
1041 4411 1327 4482 Notitepaorre,arrasi
1351 4410 1409 4463 nori
1428 4409 1527 4478 aiqaid
1546 4411 1690 4480 continget,

58 4521 155 4574 persa
175 4502 297 4561 cirtrstis
321 4518 370 4573 per
383 4504 484 4559 donum
510 4502 588 4556 nobis
603 4516 659 4556 sure
683 4501 852 4570 aspirationis
901 4503 947 4558 sed
960 4504 1173 4556 communicantes
1193 4501 1288 4556 cnstnt
1310 4501 1468 4570 passionibus
1482 4504 1600 4570 gandete,
1624 4515 1651 4554 ut
1665 4513 1692 4558 st

64 4595 220 4651 mnotescit.
246 4593 365 4649 Ventura
378 4592 456 4648 nobis
471 4594 624 4658 annuntiat,
643 4606 703 4646 cunt
721 4607 770 4647 nos
784 4608 797 4642 a
809 4593 853 4647 de·
901 4594 928 4648 in
941 4594 1093 4648 scortatione
1105 4594 1194 4665 giorirc
1209 4610 1264 4665 epar
1275 4594 1407 4664 prandeatis
1420 4598 1577 4648 territantes
1588 4593 1617 4664 il
1631 4595 1688 4651 i'et.

65 4690 208 4745 laetatione
223 4688 395 4757 praesentiam
410 4687 581 4754 abstrsbens,
602 4685 726 4757 promissi
740 4686 852 4741 incoelis
899 4688 954 4759 tr).
981 4686 1147 4741 Revocemus
1162 4687 1195 4739 sd
1211 4695 1329 4739 mentem
1353 4687 1414 4754 quie
1440 4688 1552 4754 gratiam
1577 4686 1691 4754 Spiritus

65 4780 135 4848 regni
151 4776 295 4834 desideriis
310 4776 468 4832 inflammat.
900 4774 1040 4844 discipulis
1055 4783 1082 4830 ct
1093 4790 1123 4831 se
1135 4777 1279 4829 missurum
1293 4789 1353 4829 essa
1368 4775 1499 4842 promisit,
1516 4784 1543 4830 et
1556 4779 1647 4843 rrrisit;
1663 4791 1690 4834 et

96 4869 149 4924 iiie
162 4885 204 4924 sse
217 4869 380 4939 clarificabit,
393 4869 455 4939 gria
470 4867 501 4922 de
513 4883 567 4922 tneo
581 4867 696 4937 accipiet,
711 4877 735 4922 et
751 4883 853 4921 annun·
903 4881 1028 4923 curemus
1043 4868 1115 4921 onrni
1130 4866 1265 4935 vigilantia
1282 4879 1315 4920 ne
1328 4867 1535 4934 cogitationibus
1550 4867 1690 4925 illecebro-

65 4963 136 5018 tiabit
150 4964 233 5018 satis.
260 4960 545 5029 Spiritusclarillcsrit
558 4960 703 5026 cbristurn,
724 4961 784 5030 quia
806 4975 853 5029 per
904 4964 943 5019 sis
956 4963 1144 5018 contristemus
1167 4959 1297 5030 Spiritum
1313 4973 1434 5016 sanctum
1460 4963 1516 5029 Dei,
1542 4966 1568 5019 in
1582 4981 1635 5036 qno
1650 4970 1689 5021 si·

66 5071 126 5110 ean
154 5064 229 5110 tanta
254 5055 373 5111 ebaritas
392 5055 419 5110 in
442 5054 569 5110 cordibus
591 5053 783 5120 discipolorum
804 5068 851 5108 ac·
865 5086 884 5128 ,9
903 5057 976 5127 gnati
988 5070 1079 5110 sntnns
1093 5056 1118 5109 in
1130 5054 1409 5123 riiemrcdernptinnis.
1424 5056 1689 5127 Sicenirnrcriptom

64 5161 142 5202 seon
157 5157 211 5212 est,
226 5155 267 5210 ttt,
291 5146 398 5216 abjecto
423 5146 521 5201 timore
534 5145 646 5212 carnali,
668 5143 793 5201 edoctum
808 5161 852 5201 re·
902 5154 965 5202 est:
991 5144 1105 5212 Spiritus
1118 5151 1222 5196 sanetas
1244 5143 1387 5214 disciptinoe
1409 5144 1512 5213 effagies
1535 5146 1640 5215 fictam,
1667 5160 1692 5204 et

66 5241 242 5295 surrectionis
254 5239 313 5310 elas
324 5247 479 5295 constantes
493 5239 681 5307 prootcsrenr,
697 5252 711 5290 s
725 5246 854 5308 quatem·
904 5241 1002 5308 oaserst
1020 5255 1048 5292 se
1060 5255 1075 5292 a
1089 5237 1303 5309 cogitationibus,
1325 5253 1382 5306 aare
1405 5249 1464 5293 sant
1485 5242 1539 5296 sire
1561 5245 1691 5298 intellecta

68 5345 129 5397 pore
144 5331 279 5401 passionis
294 5329 382 5399 paridi
397 5329 532 5401 fugerunt.
557 5328 634 5385 iintls
652 5329 780 5397 scriptum
795 5337 851 5384 est:
902 5330 984 5398 (sap.
999 5331 1039 5398 ti:
1055 5328 1127 5384 ande
1142 5327 1251 5397 protide
1265 5328 1417 5394 Psalmists,
1441 5344 1502 5384 cum
1519 5330 1598 5402 bnjrrs
1611 5334 1691 5400 spiri·

69 5418 99 5473 Et
121 5424 211 5492 repleti
225 5430 285 5477 sset
299 5437 386 5477 earnes
407 5421 508 5491 Spiritu
521 5429 628 5485 sumto,
648 5428 673 5473 et
687 5417 853 5488 inundantur
905 5427 948 5474 tas
960 5418 1068 5472 arcendi
1082 5417 1217 5473 desiderio
1240 5419 1373 5487 iiagraret,
1394 5420 1572 5488 priuscordis
1596 5423 1688 5478 maadi

71 5512 229 5568 misadai
247 5529 307 5569 esst
320 5513 417 5582 fiducia
429 5511 498 5583 (Art.
516 5509 565 5582 tr).
590 5508 707 5579 Spiritus
721 5507 853 5563 clariiics·
904 5506 1060 5576 bospitirrrn,
1082 5508 1109 5562 in
1121 5524 1175 5579 quo
1189 5507 1260 5564 brute
1286 5510 1406 5580 recipere
1420 5518 1520 5579 posset,
1544 5520 1570 5564 et
1589 5515 1628 5565 sic
1641 5514 1691 5569 de·

73 5600 108 5656 rit
118 5602 264 5674 cannam
288 5616 350 5662 rum
365 5601 466 5674 impleti
478 5601 565 5673 gratia
581 5598 714 5672 spirituaii
727 5597 853 5657 doctores
904 5613 978 5656 mum
992 5598 1058 5656 taatl
1082 5598 1196 5669 bospitio
1219 5600 1369 5672 ingressura
1382 5602 1518 5673 querebat
1550 5600 1599 5659 Cor
1614 5615 1689 5654 rnna·
