3802 6126
174 165 225 222 ld'l
509 156 611 214 1350AE
631 151 857 212 aestuemus
875 149 949 206 dot.
970 144 1060 202 PARS
1077 145 1120 200 ΙΙΙ.
1140 175 1176 188 ν·
1196 144 1432 202 ΡιιΙι.ΕΝΕῙΙ(ΞΑ.
1741 148 1795 202 toti

170 279 305 347 muudum
315 283 343 334 et
355 274 421 330 aedo
434 274 468 328 ed
484 271 598 328 Putrem.
612 271 702 328 Esirit
715 286 730 326 a
744 272 824 327 t’atre
845 279 872 325 et
886 267 958 322 amit
970 268 995 326 Α
1009 262 1079 319 banc
1093 262 1126 326 ad
1146 262 1322 332 perpetranda
1345 262 1408 348 uitia
1433 261 1557 332 illiciunt,
1572 277 1652 332 quam
1676 277 1692 319 a
1716 261 1796 321 bouis

175 371 204 427 in
221 369 364 433 mundum,
380 367 441 437 quia
466 365 565 420 mrrndo
579 365 692 421 risibilis
706 364 829 435 apparuit
852 364 879 417 in
903 363 955 416 lttr·
1005 369 1066 425 qum
1079 354 1195 426 cogitare
1206 353 1297 410 debuit
1311 353 1468 421 impediunt,
1483 353 1564 409 ueluti
1577 362 1619 408 cst
1633 367 1694 408 curn
1711 353 1795 423 plaan-
1824 349 1825 352 ’
1852 429 1856 435 ⁸

174 465 315 527 manitate,
329 461 374 530 qiu
388 470 446 516 erat
460 458 601 514 inuisibilis
618 458 688 528 apud
709 457 814 512 Patrem
837 455 864 511 in
886 456 956 509 diui·
1006 454 1121 500 lumbis
1135 460 1237 510 ratum·
1252 458 1312 514 11¹¹ae
1326 442 1472 513 θῐῑιιῦιῑιᾶῡ
1483 456 1647 512 supervacue
1661 455 1735 513 gesta
1752 445 1794 500 tel

172 556 266 610 nitate.
284 554 372 609 linivit
386 569 399 604 a
414 550 506 618 l‘otre,
527 553 587 620 quia
611 564 665 604 non
690 549 716 604 in
741 563 772 602 ea
795 548 879 603 iornrs
903 561 957 615 qua
1006 537 1077 592 dicta
1100 538 1233 602 uouitnus,
1256 536 1289 590 ad
1312 536 1469 591 memoriam
1494 536 1666 590 reducimus:
1680 548 1794 604 quarum

172 644 283 708 arquatis
297 653 339 699 cst
362 642 445 711 Patri,
459 641 507 696 sed
520 641 550 695 in
565 649 699 708 assumpta
723 646 846 693 creatura
869 637 957 692 minor
1006 621 1102 683 crebra
1122 629 1287 692 ruraetatio,
1302 629 1377 696 quasi
1399 627 1548 697 importuna
1572 642 1724 683 triusearuut
1744 630 1796 682 tm-

171 737 302 802 qunrnit.
319 736 352 788 tit
365 733 437 788 uenit
459 733 486 786 in
508 730 648 795 mundum,
669 729 731 799 quia
745 731 771 782 in
786 725 872 782 intuma
887 726 956 782 serni
1008 719 1139 789 probitas,
1155 717 1352 775 cordisoculos
1366 718 1560 774 circumvolare
1580 735 1613 775 ae
1629 720 1794 788 spiritualem

171 841 251 897 quatu
264 826 376 894 acecpit,
391 825 471 880 etiam
486 822 579 877 mundi
593 822 672 891 liujus
686 821 850 875 amatoribus
870 833 900 874 se
918 817 958 871 ui·
1007 810 1067 878 ejus
1090 810 1176 865 aciem
1198 810 1350 878 inquietare
1372 811 1459 880 magis
1472 825 1551 879 qnam
1567 825 1707 864 excusare
1728 827 1794 890 eon·

173 917 289 970 scrutum
308 917 429 984 pru-brut.
445 915 543 970 turum
558 912 665 982 retiqutt
683 911 822 974 munuum,
837 918 865 965 et
879 908 959 965 redita
1007 903 1105 955 ruent.
1122 903 1143 956 tt
1159 901 1262 956 eunetis
1279 908 1368 955 auten
1396 900 1438 955 bis
1462 900 1654 968 cogitationum
1678 916 1794 970 nequam

172 1006 205 1061 ad
219 1007 335 1070 Petreio,
351 1007 412 1074 quia
432 1004 468 1060 ab
480 1011 590 1071 aspectu
610 1012 758 1058 arnatorum
777 1001 872 1056 *mundi
887 997 959 1069 quod
1007 991 1152 1060 ιθῐῐθῐῑῧῦὅ
1175 990 1310 1060 “mitellis
1338 990 1442 1045 monuit
1468 991 1596 1046 5³¹⁰¹¹t0¹¹
1620 1006 1681 1046 ⁰⁸¹¹}
1704 993 1795 1047 dicit:

173 1097 293 1151 videraut
316 1095 438 1160 abstulit,
458 1104 486 1149 et
509 1107 540 1149 se
560 1093 724 1147 amatoribus
749 1091 806 1146 ssia
828 1090 958 1160 arqtralem
1009 1084 1086 1140 Omni
1106 1085 1222 1139 custodie
1240 1100 1311 1139 terte
1325 1098 1371 1138 ser
1384 1092 1467 1148 teuut,
1483 1085 1604 1151 quonium
1627 1099 1662 1140 es
1674 1085 1730 1153 ipso
1744 1086 1796 1138 rite

174 1187 245 1243 Patri
258 1203 320 1243 esse
340 1186 502 1242 credendum
525 1180 625 1240 docuit.
643 1182 760 1254 Reliquit
781 1182 919 1248 mundum,
932 1189 960 1236 et
1009 1176 1120 1247 procedit
1135 1174 1227 1248 (Pron.
1241 1175 1291 1246 ιι).
1310 1165 1392 1243 Cujus
1406 1176 1505 1230 monita
1526 1184 1670 1245 seponentes
1685 1190 1795 1246 agamus

173 1279 252 1333 rediit
273 1279 306 1333 ad
328 1279 452 1342 Patrem,
475 1279 536 1344 quia
557 1277 750 1331 humanitatem
773 1289 851 1344 quam
875 1271 960 1328 induit
1008 1267 1127 1334 solliciti,
1141 1278 1171 1323 ut
1182 1268 1206 1322 si
1220 1266 1283 1337 quid
1297 1281 1431 1321 consensu
1443 1267 1613 1337 perpetrandi
1628 1266 1753 1321 iaciuoria
1768 1267 1795 1320 iu

173 1384 221 1437 per
234 1370 417 1424 ascensionem
430 1368 462 1421 arl
474 1367 614 1422 inuisibilia
627 1364 761 1434 perduxit.
776 1364 838 1419 llaec
849 1363 958 1433 quidem
1010 1361 1100 1415 animo
1114 1358 1291 1428 deliquimus,
1316 1358 1370 1412 eito
1388 1357 1440 1411 boe
1466 1357 1635 1412 consessione
1657 1367 1685 1412 et
1706 1355 1796 1424 dignis

170 1463 255 1518 uerba
280 1462 384 1517 bomini
409 1460 534 1531 mystica,
560 1467 589 1512 et
611 1459 681 1512 sictu
703 1459 761 1526 ipse
785 1465 907 1519 testatur,
932 1455 959 1510 in
1009 1452 1174 1524 pmnitentiae
1195 1450 1327 1505 fructibus
1350 1448 1546 1519 abstergamus.
1569 1447 1598 1503 Si
1617 1446 1797 1502 delectatione

176 1555 326 1622 proverbiis
341 1563 404 1608 sunt
417 1552 502 1618 dieta;
516 1552 563 1606 sed
582 1548 704 1617 discipuli
726 1549 822 1619 quibus
836 1547 960 1603 diceban·
1010 1542 1137 1614 peccandi
1153 1556 1202 1597 nos
1215 1541 1310 1595 tentari
1324 1541 1498 1606 senserimus,
1520 1539 1626 1594 noriam
1643 1537 1797 1593 delectatio·

170 1651 217 1697 tur
244 1643 312 1698 adeo
334 1642 458 1699 carnales
478 1640 567 1696 adbuc
590 1648 678 1707 eraut,
694 1646 721 1694 ut
737 1653 831 1695 eorum
847 1636 958 1706 pruiun·
973 1604 1072 1687 13ueru
1094 1632 1198 1686 crebris
1212 1630 1334 1702 precibus
1352 1645 1384 1685 ac
1406 1629 1543 1701 lacrymis,
1558 1626 1652 1684 crebra
1667 1635 1797 1683 amantu-

172 1730 283 1789 ditarem
299 1732 407 1786 minime
421 1735 600 1801 caperent‚et
620 1743 673 1783 nou
696 1727 783 1784 solum
805 1741 901 1782 arcana
916 1727 960 1782 di·
1010 1727 1080 1784 dinis
1107 1735 1243 1797 perpetuu
1266 1725 1454 1782 recordatione
1478 1724 1625 1794 pellamus;
1648 1730 1676 1778 et
1699 1723 1722 1778 si
1746 1736 1797 1778 nos

171 1835 289 1889 storum,
305 1823 352 1877 sed
367 1837 417 1878 uec
431 1823 517 1890 ipsam
539 1818 716 1891 ignorantiam
739 1833 814 1874 suam
830 1817 962 1886 intellige-
1010 1819 1090 1897 solos
1108 1820 1141 1874 ad
1165 1820 1234 1874 ltane
1262 1817 1469 1889 propulsandam
1496 1818 1619 1873 sullieerc
1643 1830 1694 1871 non
1718 1831 1797 1886 posse

174 1921 245 1976 rent,
265 1919 392 1980 putantes
416 1910 575 1978 simpliciter
587 1919 614 1965 et
627 1908 745 1964 dilucide
767 1908 882 1978 prolata,
901 1921 961 1976 quae
1012 1910 1168 1976 uiderimus,
1185 1909 1296 1965 fratrum
1310 1909 1461 1980 queramus
1475 1910 1583 1974 auxilia,
1607 1917 1637 1962 ut
1660 1909 1730 1978 quod
1751 1921 1797 1962 ne·

174 2017 226 2056 oen
243 2000 451 2071 intelligentibus
465 2000 609 2070 proverbia
628 2008 717 2056 eraut.
736 1997 813 2055 llndc
831 1999 962 2053 contiuuo
1010 2000 1076 2055 stris
1091 2001 1192 2056 viribus
1215 2000 1393 2071 nequivimus,
1408 1999 1514 2054 illorum
1539 1998 1651 2053 eorrsilio
1665 2006 1693 2053 et
1716 1997 1810 2052 luten·

174 2092 389 2162 responderunt:
555 2160 559 2167 ¹
1009 2090 1134 2147 sessione
1156 2105 1305 2147 sumamus.
1331 2088 1444 2145 liultunt
1466 2092 1536 2145 enim
1561 2089 1627 2145 oeiet
1652 2091 1795 2159 depreceris

210 2182 275 2236 Ecce
288 2194 354 2234 riuus
365 2180 453 2251 peleus
467 2178 589 2250 loqueris,
603 2187 628 2235 et
643 2177 802 2248 prouerbium
813 2175 911 2233 nullum
922 2178 962 2233 di-
1007 2185 1074 2255 jurei
1094 2183 1215 2250 arrium,-
1229 2191 1267 2249 et,
1291 2184 1362 2239 sieut
1382 2183 1452 2238 idem
1480 2183 1618 2252 premisit,
1633 2185 1715 2237 oretiu
1736 2182 1798 2249 fidei

174 2273 219 2327 ria.
236 2272 326 2326 Palam
344 2271 424 2339 igitur
438 2286 498 2327 eum
519 2271 591 2341 loqui
611 2273 794 2336 autumabant,
808 2270 884 2341 cujus
905 2285 963 2341 nty·
1011 2273 1121 2329 relaedit
1135 2274 1277 2342 infirmum,
1290 2280 1314 2327 et
1325 2273 1455 2327 alleviabit
1473 2288 1532 2327 eure
1548 2272 1682 2338 ilenriatut,
1697 2281 1720 2324 et
1735 2272 1798 2326 riie

174 2365 255 2418 steria
279 2362 411 2419 dictorum
436 2362 550 2418 necdum
573 2362 803 2434 comprehendere
826 2358 960 2418 ralebant.
1013 2365 1124 2436 peccetis
1138 2364 1181 2430 ait,
1195 2363 1356 2417 dimittemur
1375 2365 1409 2416 ei.
1426 2365 1492 2430 Quia
1507 2362 1680 2432 superuacuis
1701 2363 1798 2434 cogita·

173 2454 250 2522 Quod
263 2463 352 2508 autem
364 2454 539 2523 adjungitur:
1013 2457 1130 2513 tionibus
1150 2454 1183 2510 ad
1198 2455 1328 2525 integrum
1351 2469 1445 2510 carere
1469 2469 1521 2510 nou
1544 2456 1674 2520 ualentius,
1701 2455 1749 2510 bas
1770 2454 1798 2510 ia

210 2543 289 2599 Nuus
302 2545 396 2597 scimus
409 2545 469 2612 quie
483 2544 533 2597 acia
548 2544 645 2611 omnio,
661 2553 684 2598 et
698 2560 750 2598 nort
772 2559 836 2613 opita
858 2551 896 2598 eat
915 2538 963 2596 nbi
1012 2555 1140 2618 quantum
1159 2560 1311 2615 possumus,
1328 2545 1494 2601 immissione
1517 2545 1645 2600 bonarum
1659 2547 1799 2614 cogitatio·

175 2633 271 2705 atquin
282 2643 305 2690 te
317 2635 462 2705 interroget.
476 2631 510 2687 lu
520 2633 568 2689 lane
581 2636 705 2689 credimus
716 2636 775 2703 quie
785 2650 801 2687 e
811 2629 866 2689 Deo
876 2633 961 2702 esitii,
1012 2644 1124 2705 num,et
1137 2635 1253 2691 maxime
1262 2636 1393 2704 frequenti
1406 2637 1606 2704 Scripturarum
1622 2637 1799 2694 meditatione

175 2735 268 2796 aperte
282 2725 427 2781 ostendunt
440 2727 501 2795 quia
523 2726 637 2799 loquens
656 2728 689 2782 ad
713 2742 760 2783 eos
775 2725 905 2782 Dominus
928 2724 962 2783 de
1012 2726 1157 2800 lugemus,
1180 2726 1257 2799 juxta
1283 2728 1437 2798 exemplum
1465 2728 1624 2792 Psalmistae,
1637 2730 1682 2798 qui
1709 2729 1797 2810 dicit:

177 2818 219 2871 bis
235 2816 352 2872 maritus
378 2817 606 2890 disputeturque
621 2818 960 2886 illosdclectabataudire,
1014 2819 1148 2891 Quomodo
1172 2821 1251 2877 dilexi
1266 2819 1348 2892 leqem
1368 2830 1450 2888 tuere,
1464 2819 1582 2892 licerius,
1598 2830 1651 2877 totu
1667 2823 1707 2877 die
1722 2823 1801 2878 ιιιαϋ·

174 2917 202 2963 et
216 2923 275 2976 que
291 2907 328 2963 illi
350 2913 516 2979 interrogare
537 2911 673 2979 sotebant,
692 2912 750 2967 bec
773 2911 831 2981 ipsa
855 2924 960 2980 proese-
1013 2915 1076 2969 tutio
1090 2929 1146 2968 mea
1159 2922 1196 2969 est
1215 2911 1300 2985 (Paul.
1317 2915 1421 2984 castrt).
1435 2913 1561 2970 Petamus
1579 2929 1723 2983 supernam
1744 2915 1801 2969 cle·

175 3001 305 3056 nienseis
320 3001 390 3056 ultro
406 3001 568 3070 proterebat.
583 2999 661 3058 Unde
682 3002 778 3057 merito
794 3001 867 3055 illum
891 3001 961 3058 scire
1013 3004 1150 3068 mentium,
1167 3003 1237 3072 quod
1255 3011 1376 3058 estsere
1399 3004 1425 3057 in
1450 3005 1557 3058 nomine
1583 3003 1729 3058 saluatoris
1754 3017 1800 3072 pe·

174 3093 265 3148 omnia
281 3093 355 3160 quasi
381 3092 476 3155 Derim,
491 3102 519 3147 et
543 3095 617 3161 quasi
639 3093 686 3148 bei
711 3093 805 3148 Filium
819 3108 834 3148 a
850 3094 904 3149 beo
918 3108 963 3148 rc·
1014 3104 1082 3161 tere,
1099 3103 1171 3149 ut'et
1183 3094 1272 3149 cordis
1288 3092 1457 3162 munditiam,
1474 3106 1502 3151 et
1516 3094 1578 3150 boui
1591 3095 1679 3165 aperis
1692 3104 1801 3165 praestet

177 3182 251 3236 nisse
263 3180 377 3235 eredunt
391 3188 419 3235 el
432 3181 603 3241 connituntur.
623 3183 751 3251 Apertum
771 3197 885 3252 namque
900 3181 964 3238 diri·
1013 3184 1172 3253 efficaciam,
1193 3195 1221 3242 et
1233 3197 1295 3242 ante
1311 3186 1402 3243 omnia
1418 3187 1490 3241 ittam
1513 3186 1606 3242 sedula
1620 3195 1710 3241 ntetrte
1724 3201 1802 3240 reeo-

177 3270 267 3324 ttlfflss
292 3270 420 3324 inditium
445 3280 504 3336 est,
528 3271 717 3341 cogitationum
743 3288 823 3328 titisse
848 3281 962 3338 lecfelt.
1013 3278 1100 3335 lamus
1120 3278 1224 3347 boram,
1248 3279 1320 3334 illam
1336 3280 1414 3335 citius
1439 3279 1530 3334 venire
1550 3288 1682 3347 optemus,
1708 3280 1802 3348 inqua

176 3361 321 3416 &limone
344 3360 506 3426 ²fflf¹¹¹²¹¹l⁸=
531 3361 577 3431 dil
599 3361 655 3416 ¹³⁰⁰
677 3363 830 3432 Sbibllssffits
852 3365 909 3418 ³5²³
925 3362 964 3417 Tu
1014 3386 1068 3426 non
1088 3372 1144 3441 jam
1169 3370 1388 3440 perscripturus
1413 3371 1536 3440 loquatur
1560 3370 1636 3424 nobis
1662 3367 1801 3430 bortriuos.

172 3453 245 3504 'enitrt
259 3451 331 3506 aolus
347 3456 415 3504 nosti
429 3453 508 3505 eorde
523 3454 635 3506 neonium
659 3454 770 3519 ntorum
792 3455 923 3508 bantinum
937 3451 964 3516 tt
1015 3461 1061 3516 eud
1077 3460 1163 3531 palam
1178 3460 1213 3515 de
1224 3459 1304 3515 Patre
1317 3459 1457 3514 annuntiet
1480 3459 1566 3524 nobis,
1583 3473 1644 3512 curn
1667 3461 1803 3528 quesivit

179 3545 243 3616 liep.
260 3560 304 3600 uu
319 3547 340 3615 ).
364 3545 441 3602 lludc
460 3547 539 3601 etium
561 3546 710 3602 llierrmins
735 3547 794 3602 ait:
816 3547 854 3601 Tu
868 3558 962 3616 nutent,
1014 3560 1147 3622 etregnst
1161 3552 1231 3606 bens
1244 3551 1271 3606 iu
1287 3553 1387 3608 unitate
1401 3551 1516 3623 Spiritus
1537 3552 1632 3619 sancti,
1650 3553 1802 3623 peremnia

178 3636 287 3693 Densius
315 3637 447 3707 Sebeottt,
474 3639 518 3708 qui
542 3639 645 3709 judicer
661 3641 742 3710 juste,
763 3649 785 3694 et
807 3642 898 3710 prebor
924 3654 965 3693 re·
1014 3644 1111 3699 secula
1126 3643 1295 3698 sacculorum.
1310 3644 1406 3699 Amen.

176 3745 220 3784 uer
246 3739 270 3784 et
297 3745 342 3784 cor
368 3730 477 3802 (ieron.
507 3729 558 3800 ur).
587 3730 679 3799 Neque
710 3730 767 3786 baec
795 3738 967 3786 transeunter
1281 3776 1421 3834 nomm
1441 3777 1521 3833 vm·

178 3828 225 3873 aut
238 3818 403 3890 negligenter
425 3821 671 3887 commemoranda,
690 3821 738 3876 sed
758 3822 872 3877 solerter
896 3823 965 3878 insi·
1234 3887 1264 3926 m
1283 3886 1423 3928 unm
1442 3812 1576 3930 wo‘m

179 3909 316 3978 gilaudum
336 3916 388 3973 est,
405 3907 501 3965 iratres
524 3908 587 3976 mei,
604 3922 632 3966 ut
646 3926 699 3966 non
713 3913 794 3968 rerba
810 3920 922 3981 tantum,
938 3920 966 3968 et

178 4013 261 4066 ,ΡΜ
277 4006 381 4062 ,,,,,,,,,
397 3998 445 4054 ,eg
463 3999 521 4068 59⁸,
533 4014 639 4070 ,,,,,,,,,,,
656 4003 779 4056 cordium
800 4011 902 4058 secret,
926 4003 966 4058 di,
1016 3979 1079 4036 Luc.
1093 3994 1132 4034 st.
1153 3977 1185 4034 ln
1200 3981 1248 4036 iilo
1268 3991 1381 4046 tempore
1404 3985 1469 4038 dieii
1488 3984 1567 4040 desua
1579 3986 1713 4057 discipulis
1725 3991 1802 4047 satir:

178 4089 247 4143 uinis
270 4088 421 4159 aspectibus
447 4090 527 4161 digua
553 4091 705 4149 reddamus.
728 4093 785 4150 Non
812 4096 838 4150 ln
864 4096 965 4165 templo
1049 4050 1801 4198 5:512,‚ezdssfflgwffssffqu‘'affati'jsmmJssnaefi

179 4180 264 4235 nostri
280 4182 394 4250 pecteris
408 4179 530 4237 odiorum
546 4182 664 4251 damma,
681 4200 734 4240 non
751 4186 858 4242 inuidiae
872 4188 965 4258 rubigo
1049 4191 1163 4262 occipit,
1187 4200 1211 4246 et
1231 4193 1275 4263 qui
1297 4197 1388 4262 querit
1410 4197 1514 4264 inuenit,
1535 4210 1559 4253 et
1571 4196 1685 4268 pulsanti
1698 4203 1800 4271 operie-

179 4271 304 4336 resideat,
319 4286 373 4327 non
387 4271 449 4327 inde
464 4274 548 4343 turpis
569 4275 612 4330 rel
627 4277 815 4333 contumeliosi
830 4280 961 4335 sermonis
976 4295 1001 4356 p
1049 4271 1101 4327 Μ’
1117 4273 1171 4318 ⁰¹⁰·

179 4360 253 4416 radis
268 4363 381 4429 oriatur,
407 4377 460 4416 non
481 4360 518 4418 ibi
542 4364 679 4421 meditatio
702 4364 766 4422 lacti
787 4369 908 4424 trecentis
924 4370 964 4424 in·
1053 4373 1182 4430 Dominus
1207 4382 1234 4429 et
1257 4375 1412 4445 redemptor
1433 4389 1523 4435 noster
1543 4377 1576 4434 ad
1595 4377 1713 4436 eoelestis
1727 4382 1801 4453 regui

179 4463 321 4508 nascatur:
337 4468 470 4510 memores
481 4455 566 4511 simus
580 4454 722 4514 dominicae
734 4460 964 4531 comminationis,
1016 4465 1110 4535 gaudia
1127 4479 1175 4520 nos
1189 4467 1330 4536 pertenire
1344 4468 1516 4538 desiderans,
1530 4478 1558 4524 ct
1573 4485 1622 4524 uos
1632 4472 1724 4528 eadem
1737 4489 1794 4544 gart·

139 4590 147 4600 ,
177 4560 229 4616 qua
249 4546 364 4601 dicitur:
380 4545 436 4617 Ego
456 4548 524 4602 euim
546 4563 623 4618 opere
644 4557 669 4604 ιι
688 4552 853 4622 capitatione
877 4569 965 4608 eorum
1016 4555 1060 4609 dia
1083 4570 1099 4609 a
1123 4569 1153 4611 se
1167 4564 1260 4625 petere
1279 4556 1385 4624 docuit,
1397 4568 1425 4613 et
1440 4560 1679 4631 uootspeteunbus
1698 4577 1729 4618 ae
1745 4565 1802 4620 trac

178 4637 250 4691 sarria
271 4645 298 4691 ιιι
312 4652 461 4710 conpreqeut
474 4636 552 4709 litei.
565 4639 647 4711 cart).
662 4640 696 4696 lit
709 4644 827 4712 expulsis
840 4644 965 4703 vitiorum
1016 4647 1142 4703 daturum
1157 4663 1218 4704 esse
1232 4650 1366 4720 promisit.
1382 4647 1481 4719 Petite,
1496 4653 1594 4721 inquit,
1607 4666 1630 4708 et
1643 4655 1745 4711 debitur
1759 4674 1796 4710 re

179 4726 331 4795 ruderibus,
348 4731 427 4784 talem
442 4731 531 4787 cordis
547 4733 631 4787 nostri
648 4747 772 4801 paremus
787 4737 965 4805 mansionum,
1016 4738 1073 4804 lir,·
1087 4741 1205 4808 querite,
1221 4750 1245 4794 et
1259 4741 1407 4808 interiens,-
1421 4744 1529 4812 pulsate,
1543 4756 1567 4800 et
1577 4749 1707 4815 operietur
1721 4749 1800 4806 sebia.

181 4818 257 4887 cuius
279 4820 337 4889 ipse
351 4820 475 4893 d'gnetur
490 4823 579 4880 inesse
594 4838 714 4892 mansor,
727 4829 772 4896 qui
785 4827 843 4897 ejus
856 4829 966 4885 inerita·
1016 4827 1082 4895 Quae
1096 4828 1175 4884 nobis
1196 4837 1259 4884 sunt
1281 4831 1361 4886 rerba
1388 4832 1494 4887 bomini
1507 4835 1608 4902 nostri,
1628 4828 1724 4892 iratres
1737 4839 1798 4895 cba-

181 4907 242 4962 bllis
265 4908 400 4977 inspector
423 4922 450 4967 et
463 4911 545 4982 judex
567 4924 618 4970 est.
642 4915 784 4972 Sciendum
800 4928 890 4975 autem
904 4921 966 4992 quia
1017 4920 1139 4986 nissimi,
1164 4934 1326 4990 magnopere
1346 4937 1378 4977 ac
1393 4925 1544 4981 totocorde
1562 4927 1714 4994 pensanda,
1729 4931 1803 4999 qnia,

182 4998 278 5068 triplex
302 5010 345 5053 est
367 5002 462 5056 modiis
481 5007 672 5074 cogitationum
689 5023 801 5079 nequam
816 5026 823 5063 a
837 5026 905 5066 trous
919 5027 966 5066 ea·
1017 5012 1162 5082 videlicet,
1188 5028 1299 5085 regnum
1313 5018 1442 5072 emiorum
1463 5035 1516 5075 non
1540 5021 1631 5076 otiosis
1654 5033 1681 5078 et
1705 5038 1800 5080 racan-

183 5104 241 5145 rum
259 5106 321 5161 quse
335 5091 538 5164 deliberatione,
560 5107 587 5153 et
599 5100 736 5167 proposito
751 5104 877 5169 peccandi
893 5120 967 5161 men·
1018 5102 1103 5169 tibus,
1118 5102 1165 5158 sed
1177 5105 1340 5173 petentibus,
1352 5106 1544 5177 quaerentibus,
1557 5110 1724 5178 pulsantibus
1737 5114 1805 5169 dan-

182 5191 236 5237 tem
262 5185 462 5253 contaminant;
487 5187 557 5243 alius
588 5203 681 5246 earum
706 5209 766 5263 quse
789 5194 968 5253 delectatione
1017 5198 1102 5263 dum,
1133 5195 1324 5252 inveniendum
1346 5207 1372 5253 et
1393 5199 1660 5270 aperiendum,esse
1680 5213 1800 5262 testatur.

180 5272 290 5343 quidem
305 5276 406 5344 peceati
417 5287 533 5333 mentem
547 5282 716 5352 perturbant,
731 5299 782 5342 uec
795 5296 883 5342 tamen
900 5287 969 5343 banc
1019 5285 1135 5343 Petenda
1151 5296 1193 5343 cst
1206 5302 1271 5358 ergo
1287 5288 1369 5359 janua
1384 5291 1458 5362 regni
1470 5292 1590 5360 orando,
1603 5296 1745 5362 querenda
1761 5311 1807 5350 re-

180 5364 216 5421 ad
236 5365 363 5435 peccandi
384 5380 546 5426 ertrrsensum
571 5374 747 5441 peruramur
763 5380 857 5433 tertius
876 5392 968 5434 earum
1018 5388 1061 5434 rte
1075 5379 1200 5447 sinendo,
1213 5381 1343 5450 pulsanda
1359 5384 1566 5452 perseverando.
1590 5384 1648 5441 llon
1662 5387 1733 5443 euim
1746 5388 1807 5442 sul.

181 5473 241 5531 ιιι
253 5459 367 5517 saturati
377 5471 451 5518 motu
466 5471 582 5520 menum
597 5478 799 5539 percurrentes,
812 5481 968 5530 nontamen
1019 5469 1075 5525 licit
1089 5471 1172 5526 serbo
1197 5473 1382 5528 tautummodo
1397 5488 1507 5544 rogare,
1530 5476 1553 5530 si
1569 5492 1620 5531 non
1636 5476 1717 5532 etiam
1732 5492 1808 5547 quss-

1056 5581 1070 5609 ·
1084 5580 1166 5637 ibes.
1182 5599 1246 5640 nor.
1262 5586 1365 5643 eumd.
1381 5585 1507 5656 lienem,
1523 5596 1588 5644 tom.
1605 5589 1636 5656 ll,
1653 5590 1727 5647 bom.
1738 5589 1769 5651 d.
