3802 6126
157 249 209 308 ltu
506 241 608 306 BEllAE
630 247 853 306 venundatus
872 246 946 304 OPP.
970 246 1056 304 vrttts
1075 247 1118 304 lll.
1135 281 1169 291 -
1189 246 1428 307 benedetto-t.
1737 257 1791 316 lid

157 376 215 417 rum
230 367 311 416 ettam
325 358 364 414 eis
378 356 445 431 idi„
460 357 518 432 eos]
528 374 595 430 quos
606 361 632 416 io
647 375 728 417 carne
743 361 829 416 adbuc
843 359 944 430 positos
959 364 982 416 tt
996 358 1104 426 qnando
1116 358 1140 412 ei
1152 356 1315 414 desideranti
1329 359 1411 426 pedes
1425 359 1484 427 eius
1499 360 1625 432 amplecti
1647 362 1702 436 [dl.
1719 384 1792 422 com

155 469 219 510 suos
234 467 293 509 esse
306 452 440 522 cognorit,
456 443 560 507 necnon
573 462 600 506 et
614 451 700 518 nobis,
717 464 785 523 qnos
799 452 826 506 in
841 464 871 505 se
885 464 946 503 cre·
997 452 1085 523 plecti]
1111 451 1211 506 dictnrn
1234 463 1298 508 est:
1316 452 1380 507 Noli
1395 469 1435 509 nte
1450 463 1566 527 tenpore,
1581 457 1694 511 nendum
1720 474 1790 513 errnu

155 546 260 602 diturus
275 546 301 600 in
317 543 370 600 line
381 551 531 614 temporum
544 543 678 613 praevidit,
693 542 840 598 remedium
853 541 947 596 salutis
997 544 1101 597 oseertdi
1111 546 1145 597 ad
1159 542 1262 598 Patrem
1272 560 1356 598 meum
1370 544 1459 616 (loen.
1473 545 1532 618 ιι).
1546 542 1648 603 netnde
1658 547 1789 604 duabusa
1830 532 1837 585 ἶ

155 650 245 696 morte
259 653 307 695 sua
321 654 353 693 ae
367 635 565 695 resurrectione
587 634 750 706 procurarit.
765 632 848 689 Nobis
867 633 946 689 etiarn
998 643 1170 688 monumento
1191 635 1361 688 currentibus
1383 634 1506 689 nurvtlare
1521 635 1734 707 discipulisque
1754 639 1790 693 ab

156 741 302 803 antequam
314 746 468 786 crearemur
480 728 645 799 spiritualem
657 729 718 785 vite
731 729 883 801 alimoniam
896 743 948 798 qna
998 725 1101 792 angelis
1114 726 1148 780 de
1164 726 1280 795 perlecta
1296 727 1353 796 ejus
1378 727 1575 783 resurrectione
1587 728 1791 797 omnemnque

158 838 342 880 recrearemur
366 820 433 894 lili,
448 817 612 891 recreamur]
638 819 764 888 sacravit,
784 819 887 890 signum
906 817 947 871 ri·
997 817 1093 886 quibus
1111 820 1239 888 scripturn
1260 828 1301 874 est
1318 841 1324 873 :
1339 820 1406 887 Quia
1420 832 1595 897 accesserunt,
1609 829 1632 874 et
1655 831 1791 879 tenuerant

157 917 250 974 ctoriae
264 931 317 988 quo
342 915 376 970 ab
400 914 517 970 hostium
539 915 642 970 insidiis
657 917 822 970 muniremur
835 900 946 984 paravit,
998 910 1075 980 pedes
1090 915 1156 978 ejus,
1173 921 1197 965 et
1211 913 1381 966 adorauerunt
1392 928 1448 966 mm
1461 911 1570 982 (liertlt.
1584 911 1688 985 avant).
1705 913 1795 983 Appr-

157 1001 364 1080 vitre'perennis
378 1008 429 1063 iter
450 1007 522 1078 qnod
536 1022 682 1081 sequamur
699 1006 814 1077 aperuit.
832 1006 907 1062 Unde
922 1015 948 1060 et
999 1001 1793 1070 ruitipsodieadvesperascentednobusenntibnsincastel-

157 1101 206 1169 ipsi
221 1101 317 1155 tnerito
328 1108 407 1155 nocte
418 1098 470 1154 bac
485 1098 678 1170 redemptionis
690 1109 787 1156 nostrae
802 1113 947 1165 memores,
1000 1088 1242 1163 lumEfflwSlAlu
1257 1090 1728 1163 uvnmaos1,qntenrnattnospitium
1745 1111 1794 1148 ιθ*
1880 1121 1888 1135 ·

156 1193 254 1264 vrpttvs
270 1191 324 1247 neo
337 1191 424 1262 otpm
446 1189 577 1245 tnsrrrnns
591 1199 619 1246 ev
634 1190 758 1260 prestans
777 1190 948 1246 ventremne
998 1183 1124 1238 cantetis
1134 1183 1208 1252 parm
1221 1181 1349 1237 fractione
1359 1193 1558 1264 cognoscisne
1570 1185 1729 1253 appennine
1742 1185 1793 1240 Pe·

157 1301 209 1356 qne
223 1283 334 1354 divinis,
348 1299 407 1353 quac
421 1283 491 1338 datae
506 1282 585 1338 nabis
596 1283 687 1352 gratiae
701 1296 812 1337 munera
827 1290 947 1345 narrant,
1002 1276 1125 1344 trolbuc.
1136 1278 1219 1344 nstv).
1227 1276 1303 1344 Quod
1318 1276 1340 1330 sl
1350 1277 1512 1345 evangelista
1523 1279 1630 1345 quondo
1645 1277 1740 1332 velubi
1750 1278 1794 1331 is-

157 1375 298 1431 andiendis
312 1388 423 1442 operam
437 1373 541 1438 danaus,
559 1387 656 1442 novam
677 1371 828 1443 adoptionis
842 1372 947 1442 plebem
998 1380 1070 1424 etum
1095 1369 1141 1434 sit,
1165 1366 1275 1424 minime
1299 1367 1487 1438 designaverit,
1501 1376 1590 1423 tamen
1604 1368 1667 1439 qnia
1690 1368 1791 1423 lactum

156 1466 306 1535 spiritualia
318 1463 428 1535 AEpypti
443 1463 557 1518 Domino
569 1463 743 1528 subtractam,
761 1462 883 1517 univero
897 1461 948 1515 [lo-
999 1462 1035 1517 sit
1051 1477 1104 1516 non
1119 1469 1202 1526 tacet,
1213 1461 1334 1517 scribens
1351 1463 1413 1534 quia
1423 1461 1794 1532 cumpraeiatidnorliscipuli,

157 1556 231 1611 vnino
252 1551 327 1610 sonte
353 1551 565 1624 regenerationis
579 1527 886 1619 saerarnmlp‘missarnm
905 1567 948 1606 so·
999 1555 1105 1626 cognito
1132 1556 1244 1611 Doutino
1260 1556 1286 1609 in
1315 1557 1426 1623 Eutaus,
1451 1555 1541 1611 statim
1564 1555 1702 1625 ¹redissent
1732 1555 1796 1611 llle·

157 1646 256 1703 lemnia
271 1644 451 1709 celebramus,
465 1658 563 1712 corpus
578 1652 778 1698 sacrosanctum
802 1652 829 1696 et
850 1642 949 1710 pretiu-
1002 1645 1127 1713 rusolem,
1140 1645 1300 1701 invenerunt
1318 1652 1493 1718 congregatos
1506 1648 1729 1713 uetlecim,eteos
1745 1661 1797 1717 qut

106 1758 108 1763 ·
156 1755 216 1795 stim
232 1739 298 1808 dpni
315 1736 400 1792 nostri
414 1734 646 1806 sanguinemque
659 1750 674 1789 a
687 1735 805 1805 peccatis
819 1734 949 1804 redempti
968 1705 987 1762 Β
1002 1751 1063 1792 carm
1082 1736 1147 1808 ipsis
1158 1722 1245 1802 erant,
1256 1736 1390 1792 dicentes:
1408 1737 1598 1802 Quiasnrrenit
1610 1736 1739 1791 Dominus
1747 1752 1794 1791 ve·

157 1847 261 1898 surinus,
276 1831 365 1909 dequo
389 1830 445 1884 lieo
465 1828 492 1884 in
506 1827 656 1899 prolectam
672 1839 772 1882 nostrae
786 1827 878 1881 salutis
897 1826 949 1880 lm·
1003 1840 1043 1891 re,
1059 1837 1086 1881 et
1103 1827 1228 1895 apparuit
1241 1827 1354 1882 Sittroni.
1367 1830 1405 1882 tic
1418 1828 1514 1883 deinde
1527 1827 1683 1898 subiungit:
1699 1828 1796 1897 Enipei

157 1906 351 1979 motnrrtuslur
364 1921 426 1992 quia
439 1920 472 1976 de
485 1920 693 1976 resurrectionis
708 1920 850 1975 dominicas
872 1918 949 1974 simul
1002 1918 1145 1972 narrabant
1172 1933 1232 1986 quoe
1246 1931 1320 1986 qesta
1348 1929 1426 1972 erant
1439 1919 1465 1973 in
1482 1918 1536 1984 via,
1559 1926 1586 1973 et
1598 1917 1735 1988 quomodo
1746 1933 1795 1974 co·

157 2026 186 2072 et
210 2016 356 2085 ereptionis
381 2022 480 2069 nostrae
505 2013 639 2084 mysteriis
665 2027 751 2066 atrrvna
779 2012 951 2068 solemnitate
1001 2018 1153 2080 giraverunt
1167 2024 1229 2064 entn
1244 2010 1269 2063 in
1283 2009 1412 2088 fractione
1422 2009 1792 2089 paniststatimqneannectit

157 2110 292 2175 latemur,
309 2108 475 2172 studeamus,
489 2106 651 2170 cltarissimi,
668 2106 726 2159 lime
738 2103 832 2159 eadem
846 2112 948 2175 utpote·
1001 2103 1120 2172 quintam
1135 2100 1198 2169 ‘ejrts
1218 2099 1421 2169 apparitionem,
1446 2100 1480 2157 de
1507 2115 1558 2170 qua
1573 2103 1652 2155 rttodo
1665 2116 1725 2155 curn
1737 2100 1797 2174 [dl.

156 2199 197 2255 tia
222 2200 329 2254 interno
352 2197 450 2253 mentis
474 2212 567 2252 amore
588 2195 741 2267 complecti,
759 2195 817 2252 buc
838 2195 951 2250 vivendo
1008 2189 1269 2262 uddlivangelium]
1284 2190 1583 2261 legeretuvaudivimus,
1597 2190 1794 2262 iratnctplens:

156 2305 263 2361 semper
278 2299 381 2356 tenere,
396 2289 454 2345 lnce
469 2288 544 2360 qnasi
558 2287 658 2343 mtrnda
671 2286 797 2342 animalia
811 2301 884 2341 rrunc
895 2286 953 2341 oris
1037 2281 1107 2337 Duru
1121 2283 1176 2339 ltus
1195 2293 1280 2338 eutem
1295 2286 1444 2353 loqnnnrsr,
1470 2283 1545 2339 Jecur
1570 2286 1640 2340 stetit
1655 2286 1681 2339 in
1708 2286 1797 2340 nudie

156 2382 293 2438 locutione
318 2380 490 2446 ruminanda,
506 2396 576 2435 nurse
598 2378 689 2434 sordis
713 2361 893 2447 perretralibut
908 2393 952 2432 re·
1002 2389 1102 2443 serunt,
1117 2385 1140 2428 et
1156 2375 1218 2429 dicit
1233 2373 1299 2447 leil,
1314 2372 1393 2446 dixit]
1413 2376 1450 2429 eis
1465 2390 1475 2431 .·
1489 2374 1548 2430 Pus
1560 2375 1642 2445 vobis,
1656 2392 1702 2447 epo
1723 2392 1796 2441 tuor,

156 2471 297 2527 tractanda
320 2485 472 2537 servemus,
498 2480 525 2524 et
548 2479 612 2523 ante
634 2466 724 2522 artenia
748 2466 846 2521 talibus
869 2466 952 2522 vitam
1002 2465 1081 2523 nolite
1093 2467 1192 2521 linteae.
1210 2465 1261 2523 Ubi
1272 2468 1358 2536 primo
1372 2468 1519 2524 trotantlura
1533 2477 1561 2524 et
1574 2467 1719 2539 diligenter
1734 2483 1794 2523 me·

157 2563 256 2619 ducere
271 2576 397 2617 curemus
411 2561 530 2627 actibus,
547 2562 643 2629 quibus
668 2569 769 2638 nostrae
790 2571 896 2628 qnoque
910 2573 952 2613 rc·
1003 2559 1097 2615 moriae
1111 2560 1353 2616 commendandum
1369 2572 1421 2627 cst,
1432 2561 1503 2632 quod
1516 2562 1549 2616 tle
1571 2576 1602 2618 se
1618 2561 1796 2632 loquentibus

155 2653 332 2709 surrectionis
355 2664 479 2707 eventum
505 2651 629 2706 laetantes
651 2664 801 2705 nseveamur
821 2651 951 2720 aspicere,
1004 2650 1144 2720 discipulis
1160 2649 1289 2707 bomirrus
1311 2663 1401 2709 astare
1414 2654 1440 2708 ln
1455 2655 1556 2719 medio,
1579 2663 1607 2709 et
1619 2654 1798 2726 presentiam

156 2752 186 2800 ιιι
198 2758 259 2799 curn
275 2744 339 2799 tuba
353 2744 499 2798 novissima
515 2753 598 2798 totum
614 2756 699 2813 genus
713 2738 859 2814 humanum
880 2743 953 2798 esci·
1003 2754 1059 2796 sute
1070 2742 1180 2797 visionis
1192 2744 1313 2799 revelare
1325 2746 1447 2815 dignatus
1460 2753 1512 2800 est.
1522 2745 1577 2800 llus
1590 2757 1630 2801 est
1642 2745 1799 2816 entmqnnd

156 2848 217 2893 tans
230 2838 263 2893 ad
280 2836 396 2891 tribunal
407 2836 471 2904 justi
485 2834 584 2905 judicis
597 2835 781 2901 advocaverit,
793 2847 842 2888 nos
854 2847 868 2888 a
880 2843 953 2888 sorte
1003 2832 1125 2888 fidelibus
1147 2833 1251 2890 cunctis
1271 2834 1334 2890 alibi
1367 2834 1500 2904 promisit,
1526 2836 1618 2892 dicens
1633 2853 1640 2890 :
1658 2835 1708 2891 ilbi
1734 2845 1798 2890 sunt

155 2929 333 3000 reproborum
354 2937 488 2996 secerrvat,
511 2928 617 2998 signum
641 2927 761 2999 ejusdem
782 2926 881 2998 judicis
903 2943 951 2982 nn·
1007 2925 1059 2980 duo
1069 2927 1107 2981 uel
1119 2935 1169 2980 tres
1179 2929 1323 2998 cerrprrpeti
1334 2929 1469 2984 innomine
1481 2945 1548 2993 meo,
1561 2929 1596 2983 ilrl
1607 2930 1699 2984 maria
1710 2931 1799 2985 medio

155 3021 216 3083 stri,
230 3035 283 3088 quo
299 3035 447 3086 sacramur,
464 3035 479 3075 a
501 3033 581 3090 poena
598 3020 787 3090 negligentium
808 3027 951 3076 secernant
966 3055 989 3118 c
1004 3020 1091 3071 eorum
1107 3015 1217 3090 (llottlr.
1231 3022 1319 3089 rvrrt).
1332 3019 1372 3075 nd
1383 3020 1593 3077 conlirmandanv
1606 3035 1720 3091 nemque
1734 3021 1797 3076 ltdci

157 3112 255 3184 siqiliaa
278 3112 375 3182 quibus
398 3111 542 3166 adventum
565 3116 624 3183 epus
643 3123 844 3182 exspectamus,
859 3114 952 3183 eisque
1006 3120 1105 3165 nostrae
1128 3110 1321 3179 constentiam,
1349 3111 1420 3182 quod
1443 3127 1551 3184 seraper
1573 3113 1629 3184 aqit
1654 3117 1800 3182 prasentia

157 3205 237 3275 tliqna
259 3201 361 3258 ultione
385 3203 504 3259 multatis
529 3204 586 3273 ipse
606 3219 655 3259 nus
678 3203 711 3259 atl
727 3204 894 3258 mansionem
907 3219 952 3259 su·
1003 3203 1101 3256 dirius·
1127 3203 1248 3272 pietatis,
1273 3203 1417 3272 aliquando
1443 3205 1526 3260 etiam
1549 3205 1693 3274 praesentia
1710 3205 1799 3260 voluit

157 3310 247 3365 perum
271 3295 355 3364 pacis,
371 3309 451 3363 qnam
475 3304 538 3349 ante
560 3296 658 3350 sucula
681 3294 814 3366 proprisit,
832 3295 953 3362 inducat,
1004 3295 1155 3363 corporalis
1166 3294 1311 3349 ostendere
1321 3294 1444 3350 visionis·
1457 3294 1525 3350 Noun
1538 3296 1607 3351 etde
1618 3295 1799 3365 nobisquarn-

157 3390 201 3459 qni
225 3389 292 3443 vivit
314 3398 341 3441 et
364 3395 459 3456 regnat
480 3401 541 3441 com
565 3386 644 3443 Parve
662 3387 689 3442 in
712 3388 814 3443 unitate
835 3386 952 3456 Spiritus
1004 3388 1044 3442 vis
1059 3401 1142 3456 porro
1164 3384 1233 3442 inira
1259 3387 1443 3457 apostolorum
1467 3387 1549 3456 pedes
1568 3387 1721 3457 iacentibus
1745 3388 1801 3442 bue

157 3477 243 3533 sattcti
259 3476 330 3531 bens
341 3476 488 3545 peremnia
503 3478 600 3532 saecula
615 3478 786 3551 seculorum.
801 3479 897 3533 dunen.
1005 3481 1093 3551 ipsunt
1109 3479 1169 3550 ejus
1193 3479 1377 3535 misericordia
1406 3478 1465 3534 lieri
1487 3479 1624 3534 conbderc
1645 3478 1799 3545 debemus,

462 3590 602 3646 qoqqpq
614 3592 647 3647 q,
1003 3577 1103 3641 ipsam,
1125 3571 1261 3639 videlicet,
1274 3586 1333 3628 csse
1348 3571 1375 3626 in
1391 3572 1479 3626 toedio
1500 3571 1595 3635 trostri,
1616 3569 1793 3640 quaties-cun-

417 3699 443 3739 „
458 3700 502 3740 ,¹0
513 3699 555 3739 „A
573 3699 690 3739 „gem
1002 3680 1056 3738 que
1066 3664 1257 3720 convenientes
1275 3665 1301 3719 ln
1317 3664 1428 3719 nornine
1439 3662 1513 3718 illius
1525 3676 1732 3732 eottqrequmur.
1747 3660 1801 3716 llo-

157 3773 224 3830 [elle.
242 3790 315 3828 utu.
329 3774 409 3829 Juttt.
436 3790 481 3829 ιι.
500 3773 533 3828 itt
547 3775 593 3829 t‘llu
608 3785 732 3843 ternpore,
748 3777 817 3830 tleit'i
836 3775 911 3831 leem
925 3777 952 3830 in
1003 3771 1065 3812 men
1079 3760 1178 3826 ΨΓΡΡθ
1194 3754 1365 3820 nummu&
1378 3753 1404 3809 M
1418 3753 1613 3821 enasflww
1625 3762 1676 3808 ω·
1690 3753 1801 3808 Εῑωω

191 3846 276 3899 medio
287 3845 473 3915 discipulerum
483 3861 600 3912 suerunt,
612 3856 636 3900 et
647 3848 708 3900 dicit
720 3848 758 3900 eis
773 3863 781 3901 ε
800 3845 857 3900 l’ea
868 3846 951 3915 robis,
1003 3847 1220 3918 deaequisitiene
1232 3855 1368 3917 perpetus
1380 3845 1474 3901 salutis
1484 3844 1597 3900 locuturi
1608 3844 1799 3910 convenimus,

191 3932 239 3986 epo
251 3931 319 3982 tunt,
336 3917 416 3969 rrolirc
426 3918 523 3982 timere,
541 3925 593 3971 etc.
1002 3950 1112 3998 constat
1129 3942 1255 3996 nimirum
1273 3931 1336 4012 quia
1348 3942 1374 3996 in
1390 3944 1498 3997 nornlue
1511 3941 1574 3996 lesu
1590 3953 1799 4015 congregamur.

192 4028 311 4084 Gloriam
330 4043 386 4083 sum
409 4028 615 4082 resurrectionis
639 4025 770 4083 bominns
788 4037 815 4084 et
836 4027 951 4084 lisdem·
1002 4033 1057 4090 ttee
1071 4033 1194 4088 dubitare
1213 4032 1252 4089 las
1267 4033 1355 4094 estde
1369 4033 1410 4089 bis
1424 4048 1486 4104 qnae
1499 4031 1797 4103 ipseamatcorderen·

158 4130 220 4190 pror
231 4128 323 4173 noster
336 4117 463 4187 paulatim
479 4118 618 4187 discipulis
630 4129 656 4174 et
667 4118 722 4192 [til.
734 4135 786 4176 ent.
799 4116 837 4191 et]
853 4133 899 4189 per
910 4119 951 4175 in·
1003 4124 1075 4180 tibus
1099 4125 1177 4179 nobis
1189 4138 1251 4178 eum
1277 4138 1339 4179 esse
1362 4133 1535 4193 praesentem,
1556 4131 1584 4180 et
1606 4131 1679 4178 tanto
1704 4122 1800 4193 utique

158 4222 325 4265 crementum
342 4199 626 4279 terttpnris'ostendit,
649 4212 710 4281 qnia
737 4212 862 4266 nimirem
876 4221 949 4266 tanta
1001 4217 1101 4284 verius,
1111 4225 1245 4287 quantoea
1257 4230 1317 4287 quae
1326 4216 1540 4286 oreproleriruus
1549 4213 1701 4285 perfectiori
1715 4216 1803 4270 corde

159 4311 218 4357 erat
232 4302 316 4356 virtus
330 4300 463 4367 miraculi,
489 4310 518 4357 nt
531 4304 600 4356 lranc
616 4311 728 4372 repente
743 4312 825 4358 totam
849 4317 947 4373 capere
1002 4307 1160 4364 retinemus.
1172 4307 1274 4363 munde
1289 4306 1432 4363 videndum
1447 4307 1516 4377 quod
1531 4321 1664 4378 apparens
1672 4307 1803 4366 Salvator

160 4392 262 4464 bagilia
290 4391 440 4448 mortalium
458 4402 566 4461 pectora
583 4407 636 4447 non
662 4403 783 4462 possent.
798 4392 949 4449 Consulens
963 4400 1138 4473 „discipulis
1152 4401 1225 4470 pacis
1238 4400 1327 4455 statim
1342 4399 1382 4454 eis
1405 4398 1500 4469 gaudia
1522 4398 1641 4463 tnaatlm,
1661 4397 1687 4454 ld
1708 4398 1803 4466 ipsum

161 4484 242 4557 iqitnr
256 4485 313 4556 ipse
325 4483 501 4540 imbecillitati
513 4486 701 4554 quaerentium,
717 4485 804 4556 prinro
818 4489 952 4543 venienti·
1002 4493 1138 4550 celebrata
1159 4493 1366 4548 ltumortaiitstis
1379 4491 1463 4567 gloria
1478 4492 1586 4554 iterans,
1601 4490 1672 4561 qnod
1687 4489 1723 4545 ad
1737 4504 1803 4560 ιιι-

160 4575 254 4631 basari
275 4585 477 4631 monumentum
491 4586 518 4630 et
534 4576 638 4631 leminis
651 4591 700 4632 suo
712 4593 805 4634 amore
826 4579 953 4635 lerrertti·
1003 4582 1107 4637 sionem
1123 4583 1208 4637 iturus
1222 4583 1318 4637 mortis
1329 4581 1405 4652 quasi
1421 4583 1518 4652 pignus
1538 4584 1580 4636 eis
1593 4579 1713 4651 speciale
1724 4582 1804 4636 salu-

158 4668 211 4724 bus
222 4678 248 4724 et
263 4669 338 4736 viris,
355 4669 507 4724 revolutum
526 4670 655 4740 lapidem,
670 4680 697 4724 ct
718 4672 810 4726 ulalate
828 4688 880 4726 suo
893 4689 952 4728 cor·
1005 4673 1042 4727 tis
1054 4680 1180 4727 accurate
1192 4672 1428 4727 commendaverat
1442 4672 1535 4728 dicem
1550 4691 1557 4728 a
1571 4671 1667 4727 Pacem
1680 4671 1803 4745 relinqu

51 4747 54 4753 ’
160 4759 524 4832 porelirvteattvinmquibos
548 4762 696 4819 invulutum
712 4766 951 4834 erat,seleposita
1004 4764 1328 4834 uobis,pecentrneurntio
1346 4764 1416 4820 rolris
1434 4764 1524 4836 (leus.
1544 4748 1611 4836 arab
1632 4764 1715 4836 Cujus
1737 4783 1802 4837 pra·

162 4855 323 4904 arronstravit
334 4867 344 4905 ·.
356 4852 454 4907 deinde
465 4853 597 4908 curiosius
623 4853 822 4924 inquirentibus
835 4857 952 4923 lerninis,
1005 4857 1069 4911 tiam
1096 4856 1217 4911 muneris
1232 4871 1264 4911 eu
1278 4871 1385 4926 quoqne
1400 4867 1463 4912 nato
1478 4858 1529 4914 visi
1554 4873 1616 4914 mss
1644 4861 1804 4927 rasoribus

165 4950 192 4995 et
206 4941 241 4996 de
255 4955 288 4996 eo
302 4943 374 5010 quod
386 4944 544 4999 invenerant
560 4955 650 5001 virente
666 4952 845 5005 corasternatls
869 4964 953 5021 attge-
1004 4948 1095 5017 anpett
1114 4946 1295 5018 praedicabant
1322 4948 1462 5005 laudantes
1485 4949 1580 5017 benni,
1604 4961 1629 5005 et
1652 4951 1799 5014 dicentes:

163 5034 251 5089 ltvruttt
262 5034 394 5091 visionem
407 5036 537 5101 ostendit,
549 5038 595 5106 qui
609 5040 683 5094 illum
697 5042 878 5098 resurrexisse
895 5056 955 5098 cer·
1004 5037 1096 5094 Gloria
1111 5039 1138 5100 lu
1152 5040 1259 5093 excelsu
1273 5035 1341 5106 Deo.
1354 5049 1378 5093 et
1391 5040 1417 5092 t'u
1432 5050 1500 5095 terre
1524 5056 1577 5111 m
1591 5040 1737 5097 miella·
1750 5043 1805 5097 l·-

163 5122 709 5197 tamanifestationepatelaeerent,aesic
725 5133 956 5202 precurrentela·
1005 5148 1046 5188 ιιι·
1059 5131 1287 5203 uoluntatislduc.
1302 5130 1344 5204 rr),
1359 5133 1421 5202 qnia
1435 5134 1622 5196 rrinrirnurtota
1634 5132 1802 5203 liedemptn·
1837 5197 1847 5211 ῃ

163 5229 205 5269 ma
215 5225 327 5286 potratre
339 5218 557 5285 resurrectionis,
572 5224 678 5276 tandem
691 5222 747 5293 ipse
759 5223 888 5280 [lominus
900 5228 956 5282 vir·
1005 5226 1044 5281 ris
1057 5226 1141 5280 nostri
1160 5227 1187 5278 in
1201 5238 1282 5281 carne
1303 5224 1467 5294 dispensatio
1483 5223 1594 5290 ,muudi
1607 5234 1650 5280 eet
1673 5227 1801 5281 reconci-
1838 5241 1847 5301 ι

163 5316 248 5362 tutum
264 5317 292 5363 et
304 5323 351 5363 res
366 5309 460 5379 gloriae
471 5325 613 5380 apparens,
634 5321 733 5381 quanta
744 5315 862 5382 potentia
882 5330 954 5372 ntor·
1007 5318 1095 5372 lintio.
1109 5316 1150 5371 ild
1163 5315 1213 5369 lroc
1225 5315 1324 5386 qnippe
1345 5315 1510 5380 irrcarvratss,
1524 5315 1559 5370 ael
1574 5315 1624 5372 lroc
1635 5329 1741 5385 puseus,
1764 5317 1802 5371 ad

163 5411 217 5455 tere
233 5415 314 5470 quam
329 5401 363 5457 td
378 5403 472 5456 boram
491 5414 647 5473 gustaverat
661 5406 815 5474 devicisset,
837 5411 954 5479 aperuit.
1008 5410 1060 5466 lanc
1070 5420 1112 5466 est
1125 5409 1326 5464 resuscitatusa
1349 5407 1474 5472 mortuis,
1492 5417 1521 5462 ιιι
1535 5422 1585 5462 ιιι
1599 5409 1647 5478 qni
1660 5407 1805 5478 peccando

167 5492 201 5547 Et
212 5493 320 5562 quidem
334 5503 464 5564 quantum
480 5503 506 5548 et
517 5497 682 5565 evangelicu
697 5499 768 5553 serie
782 5498 905 5558 lectionis
916 5502 955 5557 in
1008 5501 1077 5557 irent
1091 5503 1137 5558 bet
1154 5500 1312 5564 incidimus,
1321 5499 1378 5569 ipse
1388 5498 1589 5555 reconciliando
1600 5499 1633 5554 ad
1646 5499 1693 5554 llei
1705 5513 1801 5569 pacem

167 5588 289 5643 venimus
299 5627 309 5654 ,
319 5588 462 5659 quinquies
473 5587 530 5659 ipsa
543 5604 593 5659 qna
609 5591 755 5647 resurrexit
767 5592 820 5657 die,
832 5595 906 5650 visus
915 5609 957 5653 est
984 5621 989 5631 ·
1007 5594 1158 5650 reduceret.
1173 5591 1250 5648 Unde
1264 5599 1401 5646 recteest
1417 5590 1546 5661 propbeta
1561 5590 1640 5645 l‘ater
1652 5589 1737 5645 loturi
1748 5604 1804 5644 ss·

159 5679 511 5761 imbibasprlptsliariet
524 5680 686 5752 uapmtene
700 5683 732 5738 ad
742 5697 957 5762 mortumeutum,
1008 5679 1600 5763 euli,l‘rlncepspacis,nomiuatur(lsei.ts).
1609 5681 1642 5739 Ει
1653 5681 1802 5755 Apostolus
