3802 6126
284 287 381 345 SECT.
400 286 476 344 i.-·-
496 287 787 372 ltattobutiulca.
808 318 843 332 ·-
861 291 942 348 llis
961 290 991 349 S.
1011 290 1217 349 cutttuuittl.
1511 298 1564 356 tot

49 400 86 458 tia
100 398 213 464 piissimi
227 413 259 455 ae
274 399 329 454 beo
342 398 432 456 dilecti
451 399 522 471 regis
537 398 664 469 ucgtrtut,
683 399 727 454 cut
742 413 762 465 g
780 405 829 458 bus
851 405 943 457 ilatum
968 404 1073 459 trabere
1095 403 1212 459 ridetur.
1228 421 1239 457 s
1255 402 1305 471 Qui
1318 404 1458 461 molestior
1479 409 1563 465 bene-

49 495 179 551 nemoris
193 492 350 547 Theodorus
369 492 585 560 archiepiscopus
603 491 729 561 preside·
779 492 846 547 dixit
859 508 963 563 aquam,
977 503 1005 547 et
1018 493 1090 549 dedit
1104 493 1228 549 ministro
1239 497 1346 550 corruitis
1365 498 1472 553 rsovrrine
1485 499 1565 554 bald·

51 584 143 637 animo
154 580 270 636 omniurn
283 595 415 637 consensu
436 581 469 636 ad
483 581 664 653 episcopatum
679 581 730 638 iic-
780 584 889 648 lseimo,
912 584 957 653 qni
981 598 1052 638 outre
1070 598 1154 652 usqne
1174 594 1316 655 superest,
1341 594 1370 641 et
1392 588 1419 642 in
1444 587 1577 644 Ecclesia,

59 671 284 728 blnditiarueusis
298 672 399 725 electus
425 682 476 725 est.
490 672 540 738 Qui
560 684 620 726 eum
640 671 730 725 multia
780 678 989 733 Lindisiaroensi
1012 677 1023 710 ⁸
1045 678 1201 750 presbyterii
1223 680 1333 748 gradum
1355 679 1444 736 cilicio
1471 693 1565 737 tenens

48 767 123 823 iiaae
136 766 231 820 litteris
246 763 280 821 ad
293 779 322 820 se
336 765 480 834 praemissis
496 779 660 835 nequaquam
681 778 730 818 sno
780 768 898 822 moribus
920 768 1024 836 impiet,
1048 767 1211 836 virtutesque
1232 769 1281 823 viri
1307 768 1353 823 bei
1372 770 1475 824 curretis
1495 771 1565 825 scire

49 864 108 911 aret
121 855 190 922 erui,
205 854 310 909 tandem
335 868 381 908 ret
396 854 452 922 ipse
467 854 592 923 praetatus
605 870 655 910 nno
670 867 729 908 eum
781 858 932 913 volentibus
952 857 1053 912 reierre
1074 857 1154 913 melle
1177 859 1280 913 dulcius
1295 858 1386 928 babet,
1401 859 1444 928 qui
1459 869 1486 915 et
1499 859 1565 914 mibi

49 946 118 1001 tinto
138 947 256 998 antistite
279 944 440 1009 Trumtioe,
465 959 515 999 nec
541 959 594 997 non
622 953 650 998 et
672 942 731 997 aliis
781 947 832 1001 boc
855 948 942 1015 ipsurn
966 947 1036 1016 quod
1059 947 1147 1001 reiero
1168 946 1323 1001 miraculum
1348 949 1474 1004 narravit.
1499 946 1566 1004 iiuic

49 1034 151 1089 itrrirrris
166 1033 297 1102 religiosis
308 1047 339 1088 uc
354 1033 505 1104 potentibus
524 1034 589 1087 viris
603 1033 636 1086 ad
656 1034 731 1088 insu·
781 1052 845 1104 ergo
868 1036 934 1089 dans
957 1049 1051 1104 aquarn
1074 1035 1238 1090 benedictam
1250 1036 1290 1090 vir
1310 1036 1355 1092 liei
1373 1053 1380 1088 τ
1398 1052 1409 1088 ι
1430 1036 1511 1102 Vade,
1524 1038 1566 1090 ln·

49 1124 155 1194 rvigarit
180 1140 187 1176 :
210 1123 391 1194 genuiiectunt
414 1136 517 1187 ornnes,
540 1120 663 1191 adjurant
683 1137 732 1192 per
781 1130 848 1197 quit,
864 1138 891 1182 et
901 1128 1058 1197 gustandam
1071 1128 1161 1197 prebe
1173 1128 1317 1196 languenti.
1337 1146 1347 1181 r
1364 1127 1414 1195 Qui
1426 1128 1504 1182 dictis
1517 1143 1565 1196 pa·

49 1230 102 1280 ran,
119 1217 249 1285 lacrymas
263 1212 385 1277 intrudunt,
396 1213 536 1269 obsecrant
549 1213 634 1267 dorrec
645 1213 732 1279 ipsuum
782 1233 845 1273 reus
865 1217 954 1272 attulit
974 1233 1068 1287 aquam
1084 1219 1221 1287 agrotantt
1237 1234 1244 1269 ε
1259 1233 1338 1286 quam
1353 1219 1414 1271 duum
1431 1220 1508 1273 tertio
1524 1219 1564 1271 oci

49 1306 191 1378 tiacrymis
204 1305 310 1372 plenum
322 1303 443 1359 dulcibus
453 1302 600 1358 extrahunt
614 1304 732 1368 latebris,
782 1313 841 1378 eius
855 1309 1017 1373 irriuuderet,
1033 1308 1160 1364 continuo
1172 1316 1275 1363 contra.
1287 1323 1387 1361 rnorem
1403 1310 1562 1376 requietum

49 1395 78 1451 ’θ
90 1396 222 1466 ⁸5¹¹⁰d¹¹¹¹¹
238 1393 402 1463 Wlfflffllil'·
418 1395 475 1458 0¹¹⁰
489 1395 551 1447 ‘¹¹¹⁰'
566 1393 732 1461 llssllffl'il‘i'·
783 1402 883 1457 dinuisit
895 1402 921 1458 in
933 1413 1069 1471 soporem.
1082 1400 1145 1456 Erat
1155 1399 1226 1456 enim
1237 1400 1291 1469 jam
1306 1401 1317 1432 ⁸
1332 1403 1479 1469 vespertina
1489 1401 1565 1454 bora.

49 1486 195 1541 tumultum
216 1485 344 1551 renitens,
365 1486 490 1538 unanima
504 1485 621 1539 omnium
637 1484 733 1538 volun·
784 1491 834 1558 Qui
857 1490 937 1546 etiam
958 1490 1065 1546 silentio
1088 1491 1216 1558 transegit
1230 1501 1346 1551 nocent,
1362 1500 1389 1545 et
1406 1490 1523 1545 visitanti
1537 1503 1568 1545 se

51 1586 168 1649 perator,
192 1586 272 1645 atque
291 1576 324 1631 ad
344 1577 540 1645 suscipiendum
563 1576 733 1643 episcopatus
785 1581 897 1635 Domino
909 1594 958 1635 sun
971 1581 1060 1634 salvus
1078 1595 1157 1635 mane
1171 1582 1301 1649 apparuit.

49 1667 179 1725 aeolium
194 1667 351 1720 submittere
368 1666 547 1732 compellitur.
567 1664 624 1719 Neo
645 1675 733 1719 tamen
854 1670 929 1725 CAP.
946 1668 1040 1724 xxti.
1057 1669 1173 1737 Qualiter
1184 1670 1212 1723 in
1229 1671 1376 1740 epitomate
1389 1669 1489 1725 vicerit.

51 1758 194 1821 ordinatio,
219 1757 266 1811 sed
290 1765 395 1822 peracta
420 1755 506 1811 bieme
529 1771 587 1826 quas
613 1755 773 1818 immine-B
824 1757 983 1824 susceptum
994 1768 1082 1813 autem
1094 1759 1262 1829 episcopatus
1273 1761 1394 1825 ordinem
1407 1756 1569 1813 venerabilis

49 1846 310 1918 turbassentque
328 1853 357 1899 nt
382 1845 470 1901 verbis
490 1844 548 1916 ejus
572 1845 735 1916 propheticis
786 1852 827 1904 vir
850 1847 954 1904 bantini
972 1846 1137 1904 Cudberctus
1157 1848 1232 1919 jutta
1255 1857 1384 1917 praecepta
1400 1855 1429 1905 et
1446 1850 1566 1916 exempla

49 1942 101 1997 raia
115 1938 267 2003 satislieret,
283 1935 422 2008 Ecgiridus
443 1946 502 2004 post
526 1953 623 1992 artuum
646 1936 735 1992 iicto-
786 1939 932 2006 apostolica
947 1938 1075 1995 uirtutum
1099 1938 1212 1994 ornabat
1235 1939 1370 2008 operibus.
1391 1938 1568 1994 Comtuissam

50 2031 121 2087 ladio
145 2020 301 2093 trucidatur,
319 2034 349 2085 et
360 2026 497 2084 Aidiridus
510 2027 537 2082 in
556 2042 665 2096 regnum
681 2025 735 2081 ira-
787 2046 901 2100 namque
914 2030 964 2086 sibl
978 2030 1082 2101 piebem
1103 2038 1132 2084 et
1152 2030 1319 2084 orationibus
1332 2026 1488 2099 protegebat
1498 2025 1568 2082 assi-

49 2136 74 2179 ta
90 2123 188 2177 aurbus
210 2118 386 2183 substituitur,
400 2119 445 2185 qui
470 2133 522 2172 non
544 2118 636 2185 paucis
659 2126 735 2171 antra
786 2120 865 2186 cluis,
887 2127 916 2175 et
937 2118 1161 2175 admonitionibus
1182 2118 1364 2172 saluberrimis
1386 2118 1419 2171 ad
1447 2117 1568 2173 cmiestia

49 2212 114 2269 ibon
127 2211 153 2266 in
175 2211 328 2280 regionibus
342 2209 483 2265 Scotorum
499 2207 604 2263 lectioni
626 2222 735 2276 operam
787 2211 917 2276 vocabat,
936 2218 965 2266 et
989 2211 1059 2281 quod
1083 2211 1197 2265 maritos
1219 2208 1344 2264 ductores
1357 2209 1447 2277 juvst,
1459 2223 1490 2264 ea
1510 2221 1568 2275 qum

55 2304 70 2341 t'
80 2301 139 2372 ipse
150 2303 185 2356 ob
199 2315 316 2356 aurorem
331 2299 468 2369 sapientie
480 2307 655 2370 spontaneum
678 2311 737 2366 paa-
787 2301 889 2368 apennia
902 2300 1032 2367 docebat,
1054 2300 1112 2368 ipss
1136 2301 1207 2368 prius
1221 2299 1324 2368 agcndo
1339 2312 1471 2369 prassinus
1484 2298 1570 2352 rabat.

49 2392 141 2451 utinm.
789 2393 925 2462 Eripiebat
937 2391 1044 2461 inopem
1059 2391 1093 2446 de
1107 2406 1185 2444 mauu
1200 2389 1319 2446 inrtioris
1333 2388 1402 2459 ejus,
1412 2403 1526 2457 egenum
1541 2396 1569 2442 et

49 2500 129 2559 m·
151 2501 227 2567 Quod
237 2503 330 2556 ,gam
343 2502 378 2555 „g
391 2502 562 2568 mmmmm
581 2517 680 2556 mm
694 2515 738 2555 ω,
789 2495 932 2551 panperem
948 2479 1329 2549 arapierttibuaeum.'i'ristcs
1341 2493 1373 2533 ac
1385 2477 1568 2544 pusillanimes

49 2574 93 2627 itis
107 2572 266 2644 languentem
280 2575 291 2603 ¹
303 2588 369 2641 equo
383 2571 512 2626 benedicto
525 2574 660 2626 curaverit.
787 2571 938 2636 consolari,
953 2570 1022 2625 male
1043 2580 1132 2625 autern
1151 2568 1297 2638 gaudentes
1315 2569 1348 2623 ad
1364 2569 1499 2623 tristitiam
1513 2582 1572 2637 qum

49 2676 131 2735 tergo
145 2664 246 2718 ciectus
260 2663 293 2716 ad
307 2663 488 2730 episcopatum
500 2663 540 2716 vir
550 2662 653 2716 bomini
665 2661 738 2718 Cud-
793 2662 941 2720 secundum
955 2662 1039 2718 iteum
1060 2671 1103 2717 est
1122 2675 1249 2717 retonare
1267 2662 1385 2716 curabat.
1398 2660 1509 2714 solitam
1522 2659 1574 2715 sibi

49 2766 149 2809 troam
163 2762 310 2808 reureasset
330 2752 363 2806 ad
379 2751 504 2818 insu'am,
519 2760 599 2821 atque
620 2752 740 2819 aliquan·
791 2755 982 2826 parcimoniam
995 2752 1104 2808 sedulus
1116 2766 1252 2818 exercere,
1272 2761 1300 2808 et
1314 2750 1384 2807 inter
1399 2750 1572 2820 trequentiam

57 2843 188 2909 temporis
211 2856 240 2897 se
257 2850 329 2896 retus
354 2839 468 2895 bonuiuo
494 2840 573 2895 solita
599 2840 740 2898 devotione
792 2846 931 2900 turbarum
948 2844 1111 2899 morsaclrlcne
1129 2843 1191 2896 vitm
1210 2841 1325 2912 rigorem
1338 2840 1468 2901 sollicitus
1482 2841 1575 2895 ulner-

49 2937 89 2997 et,
110 2931 232 2985 uocauit
252 2944 314 2985 eum
338 2928 500 2985 reiterabiiis
522 2931 663 2999 episeopus
681 2933 739 2998 eius
789 2949 852 2988 varu
876 2934 1017 3003 gaudum.
1042 2932 1227 2988 bertrientibus
1248 2932 1396 2999 alimenta,
1418 2931 1573 2984 indumenta

49 3030 125 3093 atque
137 3021 171 3074 ad
183 3036 261 3076 suurn
273 3021 434 3089 colloquium
450 3020 557 3076 iiailros
570 3022 661 3076 tenire
672 3035 739 3089 prce-
794 3025 929 3093 pru-bebat
941 3023 1100 3093 algentibus,
1115 3024 1272 3091 caeterisque
1285 3023 1347 3076 vitm
1357 3020 1517 3091 pontilicaiis
1530 3021 1570 3073 ln·

51 3110 112 3181 otto
135 3112 242 3177 expleto
263 3112 410 3180 colloquio,
436 3111 498 3167 dum
518 3111 628 3165 domum
651 3110 739 3166 redire
753 3091 776 3154 C
790 3116 910 3185 signibus
922 3114 972 3169 rite
986 3116 1128 3169 decoratus
1141 3111 1289 3167 incedebat.
1305 3110 1388 3180 Cujus
1403 3109 1530 3175 internis,
1545 3107 1571 3163 id

49 3209 87 3267 οἱ,
100 3201 219 3257 decurrit
231 3201 270 3255 iili
287 3201 300 3229 ⁸
313 3214 403 3255 comes
425 3202 533 3269 quidam
557 3199 670 3269 Ecgiridi
696 3215 737 3255 re·
790 3216 841 3270 est,
853 3206 949 3261 animm
962 3203 1115 3270 virtutibus,
1126 3218 1157 3259 ca
1167 3217 1272 3273 quoque
1281 3200 1294 3234 ⁸
1303 3201 1400 3272 quibus
1412 3199 1482 3255 iuras
1495 3198 1573 3256 clivul-

49 3294 176 3367 gerimus
192 3292 289 3348 obntsc
304 3300 333 3347 ut
346 3292 380 3346 sd
400 3291 609 3346 benedictionem
624 3291 738 3345 uaruuam
790 3298 870 3367 genu
889 3297 1079 3352 rrutraeutorum
1101 3295 1176 3366 signa
1202 3293 1382 3348 ostimentum
1406 3290 1514 3346 danauu.
1536 3291 1574 3346 bt

49 3383 122 3439 dam
147 3397 222 3438 susm
249 3382 411 3452 domumque
434 3382 588 3438 diverteret.
606 3382 664 3448 Qum
678 3396 738 3436 curn
791 3389 887 3458 quibus
901 3389 988 3459 aliqua
1004 3388 1120 3442 breuiter
1136 3386 1273 3441 memoriis
1290 3381 1479 3439 commendare
1492 3395 1573 3436 cura·

49 3476 141 3543 tiata,
161 3486 189 3533 et
212 3476 333 3547 gratiiicn
359 3477 477 3531 omnium
503 3484 643 3543 susceptus
667 3483 739 3530 esset
792 3479 889 3533 cimus.

49 3565 193 3625 ‚indicarit
219 3567 243 3621 ei
267 3566 307 3619 vir
329 3564 364 3620 de
386 3563 541 3620 infirmitate
561 3563 651 3618 iamuli
671 3563 736 3618 sui:
787 3587 864 3644 CM,-
881 3586 986 3642 mig
1010 3588 1144 3654 Quomodo
1167 3587 1299 3640 mmmm
1318 3584 1435 3653 ggygnpg
1459 3583 1535 3655 naq,
1549 3590 1574 3634 eq

62 3655 196 3727 inquiens.
207 3657 304 3725 gratius
314 3670 375 3724 ago,
387 3655 554 3709 sanctissime
565 3652 652 3717 Pater,
667 3653 738 3724 quod
823 3659 920 3719 militie
931 3658 1012 3723 ipsias
1027 3657 1118 3728 quem'
1130 3656 1282 3727 prodirent
1304 3656 1419 3724 laturam
1437 3654 1465 3706 in
1483 3653 1575 3724 spiritu

49 3744 109 3803 iere
123 3758 295 3816 nostramque
308 3744 417 3800 domum
441 3744 540 3799 intrare
562 3744 684 3813 dignatus
697 3758 737 3808 es,
825 3728 915 3781 '’iim'‘
927 3725 1027 3781 ‘lim-

49 3835 215 3892 irredimus
235 3836 295 3906 quia
320 3835 464 3889 maximum
493 3833 569 3889 uobis
590 3834 691 3889 lucrum
712 3840 739 3889 et
826 3839 907 3911 igitur
923 3840 987 3896 dum
1004 3839 1144 3910 licgiridus
1157 3853 1203 3894 rer
1229 3852 1294 3893 ausu
1315 3835 1455 3892 temerario
1476 3833 1577 3891 exerci-

49 3934 92 3982 ιιι
104 3928 225 3996 torporis
241 3939 300 3980 tuus
315 3933 425 3995 praestet
438 3924 576 3980 advenitis·
590 3922 637 3980 Est
650 3933 738 3980 iidem
793 3941 849 3987 tunt
863 3931 891 3985 in
901 3930 988 3986 Pictos
998 3931 1107 3985 duceret
1121 3927 1135 3966 t
1148 3928 1160 3961 ⁸
1175 3942 1322 3997 corumque
1336 3942 1416 3997 regna
1429 3925 1513 3980 atroci
1526 3939 1578 3979 sm·

50 4010 168 4071 ‘⁸⁰⁰¹'ss
188 4017 302 4083 ieiiimi
314 4016 414 4070 didimi
427 4015 579 4070 infirmium
594 4016 737 4082 diucitin&
794 4022 855 4098 titia
865 4023 1018 4079 devastaret
1028 4039 1035 4089 ;
1047 4019 1298 4077 seierusvirbomiui
1309 4017 1473 4073 Cudberctus
1483 4019 1579 4072 adesse

49 4112 148 4161 tantum
169 4106 272 4161 dolorii
295 4106 373 4160 hodie
395 4106 546 4174 perduellis.
567 4115 596 4161 ld
615 4107 739 4162 morienti
793 4123 897 4182 tempos
911 4113 1011 4184 dequo
1024 4127 1096 4167 anno
1116 4112 1253 4181 praeterito
1269 4108 1440 4178 interroganti
1459 4107 1517 4177 ejus
1530 4120 1576 4161 so-

49 4214 157 4269 trquam
172 4200 182 4233 ¹
198 4200 332 4269 languenti
354 4209 454 4269 pareat.
478 4201 602 4255 Extrema
624 4215 739 4270 namque
791 4209 845 4261 rori
862 4204 1172 4275 praemunitionem
1188 4203 1301 4272 amplius
1314 4215 1393 4270 quam
1404 4203 1414 4234 ⁸
1426 4215 1478 4254 uno
1488 4200 1574 4253 sotum

49 4292 76 4347 is
89 4300 166 4362 porte
184 4300 353 4361 praenrortua,
368 4293 547 4362 pcruuniicum
560 4306 608 4346 ore
626 4304 653 4345 et
668 4295 737 4347 uari·
756 4287 782 4347 D
798 4312 868 4352 antro
890 4311 952 4354 esre
971 4297 1120 4364 victurum,
1138 4296 1210 4350 venit
1221 4295 1256 4350 ad
1271 4303 1283 4333 ι
1300 4290 1468 4362 lugubaliam
1483 4291 1577 4346 eivita-

430 4383 665 4442 tutunuuuuu
687 4386 881 4448 laurentus
901 4389 1101 4447 tucatuttES.

49 4477 108 4533 5⁰⁶·
831 4483 842 4514 ⁸
858 4483 956 4549 Quibus
971 4484 1043 4552 ioris

49 4562 87 4601 Μ
98 4562 143 4611 W
155 4563 182 4600 ’θ
194 4547 333 4601 benedici&
830 4552 841 4584 ³
859 4553 1027 4619 Proedt'eerut,
1042 4553 1131 4606 nitent
1146 4551 1235 4606 viderit
1244 4550 1271 4604 in
1283 4548 1388 4615 spiritvs.

49 4618 158 4756 cmg
169 4627 301 4688 “illidim-
830 4632 842 4726 τ
858 4624 952 4748 ῧοηηι
965 4623 1135 4693 regnootroei
1149 4637 1179 4675 oc
1193 4622 1270 4690 [mori
1280 4620 1385 4673 teritio.

49 4704 52 4715 “
162 4724 169 4739 ·
880 4709 915 4748 no
927 4709 995 4748 onon
1006 4709 1068 4747 ease.

49 4772 137 4827 rapere.

622 4848 804 4907 vtuloutltt
823 4845 940 4903 NOTAE.

49 4948 100 5003 ut,
112 4939 174 4997 liuta
188 4956 295 4996 reverso
309 4941 443 4997 adsedem
459 4941 585 4996 uicturus
599 4941 741 5005 liugustal·
794 4940 908 4993 vastavit
921 4937 1020 4993 rnisere
1033 4946 1139 5007 gentem
1155 4936 1324 4993 iunoniam...
1339 4938 1417 4990 Anno
1435 4942 1494 5002 post
1507 4933 1577 4989 burne

49 5010 108 5075 ,eoi
120 5012 241 5080 regemlae
257 5015 342 5078 primo
357 5011 442 5066 iuerat
457 5013 606 5079 ordinatus,
623 5011 742 5067 Cudber·
793 5011 925 5078 proximo,
938 5021 998 5061 curn
1014 5019 1114 5062 temere
1135 5008 1280 5061 exercitum
1301 5006 1333 5059 acl
1359 5005 1513 5059 vastandum
1530 5002 1575 5055 Ρι-

49 5078 164 5136 ieetesta
180 5080 402 5136 Lindisiarocnsis
417 5081 595 5150 grubernacula
619 5083 739 5147 suscipe·
791 5090 894 5133 ntorum
908 5079 1068 5146 provinciam
1084 5075 1222 5137 duxisset,
1237 5077 1348 5130 multum
1372 5073 1574 5144 probibentibua

53 5148 138 5205 rouo
148 5150 315 5205 eadberctus
330 5151 467 5206 ordinatus
478 5163 519 5206 est
534 5152 593 5218 ipso
604 5165 674 5204 atrnn
689 5164 741 5217 qno
791 5149 894 5212 amicis,
908 5155 933 5202 el
947 5149 1061 5201 maxime
1073 5147 1155 5201 bmtae
1169 5146 1304 5200 memorias
1314 5145 1459 5200 Gutbirerto
1468 5145 1513 5213 qui
1526 5157 1575 5196 nu-

58 5219 122 5273 vite
144 5221 246 5291 accepit
270 5236 316 5275 ret
340 5221 480 5291 Egiricius,
503 5219 598 5275 eodcm
620 5230 740 5283 auctore,
793 5233 842 5286 per
856 5216 1092 5272 iueratnrdinatns
1106 5215 1261 5283 episcopus,
1286 5230 1346 5268 eum
1370 5217 1486 5270 marinna
1503 5225 1577 5279 parte

49 5288 65 5343 i
156 5304 198 5343 em
218 5289 289 5356 iibri,
312 5290 361 5345 bne
379 5303 420 5347 est
442 5287 626 5346 annotidiiett
645 5300 742 5344 notan·
794 5287 930 5354 copiarum
945 5300 1010 5352 quas
1024 5286 1171 5340 adduxerat
1194 5284 1326 5341 extinctus
1346 5296 1387 5340 est
1408 5300 1477 5338 anno
1491 5283 1579 5336 atatis

49 5360 89 5415 ia.
125 5374 211 5414 astus.
795 5371 851 5411 suras
867 5374 911 5420 ts,
926 5355 1000 5425 regni
1012 5364 1100 5411 autem
1116 5370 1161 5421 tr,
1177 5355 1222 5431 die
1233 5369 1280 5409 aut
1297 5353 1473 5411 Kalendarum
1488 5352 1580 5407 iunia·

49 5440 124 5483 enea.
139 5429 306 5499 lnonpmus,
320 5431 346 5484 in
369 5429 417 5486 lib.
439 5445 475 5493 rv,
491 5429 599 5486 sibbam
617 5428 742 5484 comitem
796 5440 865 5481 rum.
881 5446 889 5478 s
903 5424 1018 5482 ussum.

49 5496 131 5623 clm
146 5498 254 5554 durium
270 5497 354 5567 0pide
368 5499 540 5554 babitantem.
559 5500 595 5554 lo.
834 5505 846 5535 ⁰
862 5495 1039 5566 bsgsboiiont.
1054 5493 1218 5564 capgravius
1239 5496 1333 5551 scribit
1357 5493 1385 5548 S.
1399 5490 1580 5547 cudberctum

89 5582 125 5623 no
139 5568 280 5624 dominicas
292 5570 483 5624 incarnationis
494 5567 557 5632 titt,
574 5567 659 5634 iuquit
672 5567 741 5623 betia
794 5565 847 5621 lruc
856 5567 883 5622 in
893 5568 950 5622 loco
958 5564 1193 5635 congregationem
1201 5564 1489 5626 sanctimonialiumet
1499 5560 1582 5612 abira·

59 5651 88 5693 tr
103 5637 171 5693 ilist.
187 5654 246 5706 cap.
260 5638 305 5702 bd,
319 5637 441 5705 Egiridus
456 5654 501 5692 rex
517 5638 743 5704 Nortiuauvntbro-
793 5639 884 5690 tissam
894 5636 1041 5699 ordinasse,
1052 5634 1368 5689 etscboiascmustituisse
1380 5650 1386 5685 :
1396 5644 1508 5687 ansere.
1518 5642 1582 5679 rucc-

49 5708 115 5765 rlsso
127 5707 154 5764 lta
169 5707 323 5763 lliberniam
336 5723 397 5763 curu
413 5709 528 5766 exercitu
543 5709 612 5764 duce
627 5706 741 5776 uerum,
794 5703 1166 5777 morinummontem
1181 5703 1240 5762 ride
1253 5705 1326 5776 plura
1337 5705 1363 5760 iu
1379 5717 1416 5772 tv,
1426 5701 1472 5758 ab.
1483 5700 1581 5757 Satan,
