3802 6126
211 254 262 309 iili
554 246 654 303 biom
674 242 902 302 ventilabitis
919 239 996 297 olli.
1017 234 1105 293 trtbs
1126 237 1169 294 tlt.
1189 266 1226 281 -
1245 236 1486 295 usbeisnei.

213 380 307 424 curum
319 364 498 436 perditionem
512 363 667 418 describens
680 381 686 415 :
697 361 846 416 Inebriatus
856 368 903 423 est,
913 358 1009 429 iuquit,
1024 354 1048 415 b
1064 353 1239 421 rinticbrirto,
1261 354 1375 410 ministri
1389 354 1580 431 deceptionum
1592 352 1654 426 eins
1671 354 1853 415 incesserent

210 459 238 513 in
252 457 327 523 cela,
349 454 452 527 einaim
472 470 553 508 urens.
577 452 604 508 lu
621 452 666 507 dic
683 466 749 522 crgo
769 451 834 516 illa,
856 448 883 505 id
902 458 962 516 est,
976 448 1004 504 ia
1053 444 1245 515 gehennalium
1269 458 1421 516 plenarum,
1444 456 1471 503 et
1486 453 1548 515 post
1562 446 1737 505 multosdies
1753 444 1853 503 risita-

210 559 333 619 tcmpose
350 560 404 616 qno
425 543 541 599 larntido
560 552 588 599 et
611 541 686 597 lorea
705 551 733 599 et
756 541 866 612 laqueus
888 540 1004 596 maxime
1055 537 1154 593 buntur
1169 555 1177 592 s
1194 549 1325 608 ternpore,
1339 539 1474 605 uidelicet,
1488 539 1697 597 resurrectionis
1715 541 1852 606 omnium,

209 640 281 697 illius
294 646 324 694 et
341 636 444 691 ultimae
465 633 645 689 tribulationis
665 633 840 691 habitatorem
859 640 937 687 terras
959 646 1004 686 ea·
1054 632 1161 702 quaudo
1173 632 1206 687 ad
1226 632 1278 687 boe
1291 644 1395 703 terripus
1410 631 1509 689 animae
1523 645 1618 687 eorum
1634 631 1773 688 modicum
1788 646 1851 689 ero·

210 740 304 798 qrrnms
323 734 380 791 est,
403 722 511 796 quando
532 731 612 792 geute
631 732 725 778 cotrlra
745 730 851 795 gentem
872 729 900 778 et
921 735 1004 791 reguo
1054 728 1186 782 calruntnr
1206 727 1241 783 ab
1254 728 1346 783 inieris
1361 737 1402 792 ut,
1420 734 1530 796 recepto
1552 738 1680 795 corpore,
1692 725 1785 781 statim
1801 741 1851 784 et·

209 827 390 891 consurgente
409 817 542 872 aduersus
564 831 688 886 regnunt,
703 816 890 872 concutiemus
905 815 1001 870 lurida·
1055 820 1126 887 pleno
1142 819 1256 888 iudicio,
1271 833 1332 874 cunr
1351 818 1458 874 caeteris
1476 816 1661 888 necatoribus
1675 816 1788 875 easdem
1808 833 1851 875 re·

210 919 301 967 rueuta
321 917 410 973 terra,
427 907 526 977 etipsa
542 909 598 962 suis
619 908 778 964 seinvicem
800 908 895 963 incolis
916 908 1003 975 impu·
1055 908 1181 966 tabantur
1201 909 1228 965 in
1250 925 1354 981 purnes.
1376 910 1469 981 Neque
1491 911 1554 967 baie
1575 920 1676 967 nostrae
1696 910 1850 975 asserdoni,

208 1001 352 1073 guantibus
374 999 569 1071 confringetur,
591 1005 758 1067 conteretur,
779 999 1002 1065 commonebitur,
1054 1018 1107 1073 qua
1121 1003 1315 1060 Arrii-bristout
1329 1011 1392 1060 ante
1405 1003 1506 1059 multos
1520 1002 1581 1059 dies
1594 1001 1765 1060 aduenientis
1775 1002 1851 1074 judi·

208 1095 351 1165 agitabitur
363 1093 434 1149 sicot
445 1095 549 1158 ebrius,
560 1094 790 1165 appropinquante
801 1102 829 1149 et
838 1092 1003 1163 jarnJ'nmqnc
1054 1097 1088 1150 cii
1112 1095 1273 1151 urrirersalis
1296 1095 1410 1150 dicimus
1432 1094 1628 1161 occidendum,
1648 1102 1726 1165 putet
1751 1094 1852 1167 aliquit

208 1186 368 1243 imminente
382 1186 518 1241 ablatione
532 1196 557 1241 et
573 1187 649 1241 ruina
672 1185 765 1254 ipsius,
783 1185 897 1240 visitarit
913 1184 1003 1239 borni·
1054 1185 1188 1242 obsistere
1202 1184 1274 1257 quod
1288 1184 1321 1240 de
1337 1185 1396 1255 ipso
1411 1184 1526 1255 loquens
1539 1183 1685 1254 spostolus
1699 1185 1737 1239 ait
1750 1200 1758 1239 :
1770 1184 1852 1251 Quen

208 1292 259 1335 nus
268 1293 351 1347 super
362 1278 482 1333 nrliitiam
495 1276 558 1333 coeli
574 1278 599 1332 iu
613 1276 721 1333 cteelso
734 1278 866 1332 mittendo
879 1277 1001 1349 angeium
1055 1274 1265 1331 bontnnlern
1276 1275 1411 1344 interficiet
1428 1275 1585 1345 spiritantia
1598 1274 1650 1343 etti,
1663 1274 1780 1330 ιιιιινιιιι
1791 1275 1850 1330 ilia·

209 1371 244 1425 du
263 1371 352 1439 coeiis,
368 1370 412 1439 qni
436 1369 570 1425 bominem
593 1369 666 1424 ilium
683 1371 794 1438 peccati,
811 1369 894 1425 illium
913 1368 1003 1439 perdi·
1053 1368 1180 1423 erratione
1191 1367 1380 1434 aduenienti·
1394 1366 1528 1438 significat
1541 1379 1657 1437 namque
1671 1364 1724 1422 boe
1737 1364 1852 1421 diceudo

208 1462 299 1530 lintris,
318 1463 364 1532 qui
386 1462 507 1517 elevatur
527 1471 555 1516 et
573 1460 710 1516 extollitur
729 1476 809 1531 supra
830 1475 911 1517 otnnc
932 1463 1001 1532 quod
1054 1457 1221 1527 ripn-tolus,
1244 1455 1315 1528 quod
1339 1466 1410 1512 tauta
1434 1464 1544 1527 tamque
1577 1453 1693 1513 terribili
1714 1455 1794 1526 plaga
1817 1455 1851 1512 sit

208 1556 306 1613 dicitur
320 1555 390 1611 lietrs
409 1564 455 1610 aut
467 1555 539 1625 quod
561 1554 673 1618 colitur,
689 1555 723 1609 ita
745 1564 775 1609 ut
794 1556 821 1609 in
838 1554 938 1624 templo
955 1552 1001 1610 bei
1054 1547 1221 1604 conterenda
1245 1561 1277 1603 ac
1304 1548 1421 1604 ilrrienda
1447 1556 1566 1617 potestas
1592 1545 1665 1603 illius
1685 1545 1800 1614 diaboli,
1823 1557 1851 1602 ut

208 1650 319 1716 sedeat,
332 1650 421 1704 diviua
436 1649 537 1703 uirtute
555 1649 721 1716 perimatur:
736 1647 807 1717 quud
827 1648 919 1705 beatus
935 1661 1000 1715 parra
1055 1641 1121 1698 nulli
1145 1640 1257 1696 dubium
1272 1642 1308 1696 sit
1325 1640 1388 1711 quin
1404 1638 1533 1697 dominici
1555 1640 1688 1696 adrentus
1706 1639 1850 1711 praesentia

208 1740 354 1813 Gregorius
377 1755 426 1811 per
446 1738 601 1795 blicbaclem
624 1738 818 1808 arebanrelunr
844 1738 1001 1807 patrandum
1020 1710 1089 1789 Bad
1104 1733 1268 1804 perdendam
1284 1732 1440 1802 superbiam
1458 1730 1679 1802 adlocutione
1693 1730 1768 1801 quod
1782 1741 1809 1787 et
1823 1732 1849 1786 in

212 1831 496 1904 toreextpneatrpsi
510 1832 595 1886 sancti
608 1831 719 1887 ioannis
733 1830 923 1902 intelligibili
937 1832 1003 1886 seri·
1058 1828 1175 1894 llerorle,
1200 1827 1245 1897 qui
1269 1824 1397 1881 iacobum
1423 1824 1522 1881 occidit
1544 1832 1572 1880 et
1593 1824 1701 1880 Petrum
1725 1823 1801 1879 misit
1823 1822 1848 1877 in

208 1934 283 1993 ptum
295 1933 339 1981 est
354 1943 360 1977 :
375 1924 406 1979 Et
419 1924 517 1993 factum
537 1934 574 1978 rat
590 1923 706 1995 prelium
725 1923 752 1977 iu
771 1922 835 1978 creto
847 1921 960 1977 diicbael
979 1931 1003 1975 et
1053 1935 1200 1984 carcerem,
1214 1919 1351 1989 Scriptura
1365 1927 1470 1988 gestum
1485 1921 1697 1981 commemorat;
1715 1920 1747 1970 et
1757 1914 1785 1969 in
1799 1928 1850 1969 car·

207 2016 294 2087 enpeii
306 2017 365 2088 ejas
380 2015 566 2085 preliabantur
583 2031 641 2068 cum
660 2014 787 2078 demone,
810 2022 833 2068 et
855 2014 934 2067 druco
953 2029 1002 2084 pa·
1054 2012 1344 2070 teristristianorum
1362 2009 1581 2083 persecutoribus
1597 2008 1794 2068 ecclesiastice
1806 2009 1850 2065 lli·

208 2107 302 2179 qrrnbnt
315 2117 339 2162 et
351 2108 437 2178 unqeii
451 2108 518 2178 ejas,
534 2115 558 2161 et
572 2122 623 2161 stou
634 2106 778 2169 autumant,
790 2121 870 2174 neque
879 2106 949 2159 locas
962 2104 1004 2158 in·
1053 2106 1145 2162 storias
1157 2121 1235 2176 teque
1249 2106 1346 2160 laetum
1358 2104 1486 2176 produnt,
1499 2106 1540 2161 rei
1555 2114 1629 2161 certe
1645 2102 1850 2161 intertectunm

208 2207 299 2255 senius
320 2207 358 2253 est
376 2215 465 2254 eoram
481 2199 592 2269 nntpiitrs
613 2199 640 2253 itt
658 2199 732 2253 ceto.
761 2196 918 2252 visitabitur
938 2210 1003 2268 ergo
1054 2199 1119 2255 dicit
1133 2214 1194 2256 eum
1209 2199 1305 2271 spiritu
1319 2197 1375 2254 osis
1389 2197 1496 2254 Domim
1515 2206 1544 2253 et
1555 2195 1741 2253 illustratione
1751 2195 1850 2253 adren-

208 2306 290 2360 super
311 2290 434 2346 militiam
459 2290 537 2356 iili·
561 2303 622 2344 cunt
645 2289 792 2358 perimetur
810 2287 1000 2353 dnticbristus,
1054 2304 1097 2351 tus
1113 2293 1172 2365 ejus
1192 2295 1410 2362 destructuram,
1434 2290 1498 2362 qnia
1521 2288 1648 2346 nimirum
1672 2291 1801 2346 veniente
1818 2303 1851 2345 eo

207 2386 269 2457 qula
288 2395 317 2443 ct
337 2386 382 2441 iilo
403 2385 580 2454 interempto,
604 2383 690 2437 rirtns
708 2380 850 2451 spirituum
874 2379 1003 2450 maligno-
1053 2386 1086 2440 ad
1102 2384 1234 2455 iodicium
1256 2384 1396 2438 nouissimo
1418 2382 1524 2437 inimica
1545 2382 1690 2436 densetur
1712 2396 1800 2441 mors,
1823 2387 1850 2437 et

209 2494 281 2548 lum,
295 2482 342 2547 qui
356 2491 418 2533 etum
434 2477 460 2532 in
475 2477 649 2531 ostendendis
662 2473 746 2544 signis
764 2472 940 2528 mendacibus
956 2472 1003 2542 ju·
1052 2476 1141 2532 ornrris
1154 2476 1186 2532 ud
1205 2477 1339 2547 integrum
1353 2490 1415 2531 clim
1434 2489 1468 2531 eo
1485 2474 1531 2545 qui
1544 2476 1626 2533 babet
1642 2474 1742 2529 mcertis
1763 2473 1849 2544 impe·

209 2577 312 2632 venii·
325 2568 459 2623 1111111111
471 2566 631 2632 cassabitur,
644 2575 671 2620 11
686 2565 744 2635 iiii
758 2578 811 2619 111111
826 2563 886 2619 siue
900 2564 1003 2618 11110110
1053 2569 1134 2638 rium,
1147 2569 1172 2624 id
1186 2579 1239 2634 cst,
1251 2568 1352 2624 diaboii
1364 2566 1521 2630 satellitum,
1533 2566 1593 2637 eins
1606 2567 1728 2635 potentia
1742 2566 1848 2635 peribu.

210 2666 299 2728 potest
317 2659 387 2713 inter
406 2658 527 2713 militiam
547 2657 609 2714 cmii
628 2656 751 2726 deputari
772 2671 820 2726 pto
837 2670 881 2724 eo,
900 2657 962 2727 quia
974 2669 1004 2712 se
1053 2662 1173 2731 Namque
1184 2659 1257 2730 quod
1271 2674 1324 2714 uon
1342 2658 1432 2715 statim
1447 2657 1582 2713 exstincto
1602 2657 1650 2713 iilo
1663 2656 1776 2715 bomine
1791 2671 1851 2729 pec·

210 2760 265 2802 bon
284 2748 370 2802 solum
385 2747 589 2818 supercuretur
602 2762 707 2816 omnes,
723 2763 817 2803 vemm
832 2748 1004 2818 etiamsnper
1053 2757 1105 2812 cati
1121 2755 1176 2810 illio
1199 2752 1358 2824 perditionis
1378 2750 1530 2808 universale
1551 2751 1587 2807 sit
1605 2750 1790 2807 ailrentururu
1806 2748 1851 2821 is·

208 2858 317 2899 emnem
328 2843 425 2900 diurnae
440 2843 589 2913 majestatis
602 2842 788 2900 celsitudinem
802 2843 919 2899 exaltare
933 2857 1002 2912 proe·
1052 2846 1163 2912 dicium,
1178 2844 1270 2900 banirl
1287 2843 1421 2913 Propheta
1435 2850 1558 2909 testatur,
1575 2840 1621 2913 qui
1640 2841 1668 2897 in
1684 2839 1782 2897 ultima
1794 2854 1850 2896 suat

207 2932 301 2989 ssimi·
328 2934 485 2990 visitabitur
503 2941 530 2990 ei
551 2948 632 3003 super
651 2947 728 3003 rerer
749 2942 839 3000 terre,
860 2932 904 3004 nii
928 2940 1002 3001 aaut,
1054 2940 1203 3011 propriosne
1218 2939 1323 2994 ristona
1344 2937 1418 3007 regns
1439 2935 1512 2991 illius
1533 2944 1592 2990 arn
1606 2933 1769 2991 territent
1790 2948 1851 2989 min

209 3024 357 3091 ministros,
381 3024 520 3092 uidelicet,
544 3025 700 3081 dntiebristi
726 3033 753 3080 ct
776 3023 906 3080 laetorum
930 3023 1002 3078 trau·
1016 3061 1041 3126 c
1055 3028 1179 3086 eumdem
1206 3028 1282 3099 regni
1309 3036 1431 3095 tempora
1455 3025 1529 3082 mille
1551 3024 1678 3081 domatis
1705 3024 1853 3096 rrorragiuts

210 3115 326 3185 irionis
340 3115 399 3185 eros
414 3117 531 3172 rariores
545 3124 573 3174 ei
586 3124 786 3187 coamatores,
800 3116 844 3187 qu
860 3115 959 3171 snrtmn
971 3129 1004 3170 se
1056 3121 1162 3186 eretur,
1177 3119 1203 3175 tu
1219 3127 1270 3185 aar,
1285 3118 1371 3174 sunu
1389 3118 1472 3173 remur
1493 3117 1582 3182 ronst,
1597 3116 1850 3186 conpetentem,

212 3204 328 3262 terrenis
347 3207 481 3262 mentibus
503 3207 586 3279 impio
607 3207 779 3263 dominantur
797 3206 922 3277 imperio,
938 3220 1004 3276 quos
1055 3223 1165 3285 repente
1179 3211 1393 3269 irrtuiitziieutas
1412 3212 1456 3282 qni
1479 3219 1609 3283 nemetes
1633 3219 1658 3265 et
1680 3212 1797 3281 pemertit
1815 3210 1850 3265 ad

210 3295 320 3350 dubium
338 3311 392 3351 nou
403 3307 445 3351 est
457 3295 573 3352 liniendo
583 3297 678 3354 eodum
692 3296 782 3352 lurore
792 3295 1004 3351 suaetribuiatio·
1054 3304 1109 3360 dier
1124 3304 1195 3358 nesib
1205 3312 1326 3359 trecenses
1337 3302 1441 3373 rriqiunr
1451 3301 1572 3371 quinque.
1582 3303 1671 3370 Quem
1682 3299 1849 3357 versiculum

211 3388 252 3438 uis
265 3398 324 3440 esse
339 3387 482 3455 perituros.
496 3384 574 3442 Juxta
585 3387 656 3457 quod
669 3387 695 3442 in
706 3387 842 3451 omnibus.
853 3386 897 3457 iiiii
910 3393 1003 3441 11111111
1054 3395 1149 3451 beatus
1172 3394 1312 3465 presbyter
1337 3392 1517 3465 llieronymus
1540 3391 1581 3447 ltis
1604 3391 1699 3448 uerbis
1717 3392 1850 3463 exponit:

210 3477 357 3532 Ecclesiam
380 3486 547 3544 exarserunt,
575 3479 706 3536 bellorum
730 3479 884 3535 trucioribus
904 3479 1002 3534 lactum
1057 3486 1184 3552 «Beatus,
1207 3486 1304 3557 inquit,
1328 3486 1388 3554 qui,
1415 3483 1558 3540 interiecto
1580 3480 1766 3549 doticbristo,
1789 3483 1849 3541 dies

214 3569 335 3623 bistoriae
348 3570 465 3629 tradunt.
479 3571 628 3627 Notandum
639 3572 710 3628 enim
722 3572 793 3643 quod
806 3586 858 3628 uon
868 3575 1003 3640 altaperte
1053 3596 1135 3652 super
1150 3594 1291 3636 numerum
1314 3578 1466 3650 perfinitum
1487 3575 1664 3647 quadraginta
1683 3583 1712 3633 et
1731 3576 1851 3647 quinque

213 3660 301 3729 Super
319 3676 414 3717 ⁰¹¹¹¹¹⁰⁸
436 3677 512 3734 118111
527 3674 615 3730 terrm,
636 3664 708 3721 sicut
721 3678 771 3720 ¹¹00
790 3663 876 3733 5111111
896 3676 1002 3717 (1111111111
1054 3675 1235 3747 praestolatur,
1251 3674 1349 3744 quibus
1364 3679 1407 3728 est
1423 3671 1552 3726 Dentibus
1572 3678 1655 3740 atque
1675 3668 1804 3727 &iratur
1822 3684 1849 3725 ιι

213 3752 335 3807 militiam
350 3753 428 3818 toeli3
449 3755 496 3810 sed
517 3755 651 3823 absolute,
672 3756 783 3810 niciensis
803 3752 882 3820 Dens,
906 3753 1002 3823 inquit,
1053 3783 1101 3824 gua
1129 3768 1268 3837 majestate
1290 3775 1428 3821 venturus.
1453 3781 1464 3817 s
1498 3762 1589 3830 Quare
1608 3771 1700 3819 autem
1724 3770 1788 3833 pust
1810 3760 1850 3819 itt·

212 3857 290 3907 iiiiii
309 3842 429 3895 eutitium
449 3844 506 3897 euti
525 3844 552 3897 in
570 3845 681 3907 11111111
696 3853 720 3898 11
736 3860 897 3915 1111111911
917 3853 1001 3913 terrae,
1054 3858 1237 3914 tcrlectiouem
1270 3855 1426 3913 trrrlebristi
1459 3854 1634 3926 quadraginta
1669 3862 1698 3911 et
1730 3854 1850 3923 quinque

211 3933 257 4002 11111
270 3939 330 3984 ‘ii'
350 3948 426 4002 super
446 3943 560 3999 terrnur;
574 3935 645 3989 unde
660 3935 721 3990 licet
734 3935 792 3990 buc
807 3949 860 3988 111111
874 3935 1002 4003 1111811111·
1053 3949 1157 4005 dierum
1172 3948 1309 4005 silentium
1323 3948 1370 4013 sit,
1387 3947 1485 4002 ditium
1505 3945 1625 4003 scientie
1638 3954 1692 4011 cst,
1710 3947 1763 4003 nisi
1782 3946 1850 4003 ten

211 4023 260 4076 rali
275 4022 405 4086 orrrrrium,
421 4022 469 4077 scd
485 4024 519 4078 de
533 4024 642 4094 speciali
665 4025 840 4095 quorumdam
864 4024 1001 4080 bominum
1054 4043 1174 4098 decamus
1198 4039 1294 4096 dilatio
1319 4040 1395 4111 ,ψη
1430 4046 1584 4094 „mmmm
1608 4038 1747 4109 patimur·
1774 4056 1848 4097 ω..

215 4111 426 4181 angelorumque
448 4113 577 4169 maiorum
609 4114 759 4185 dejectione
780 4116 852 4172 dicta
876 4116 1000 4186 intelligi;
1057 4130 1178 4200 ,ΝΜΟ
1202 4138 1260 4195 erg
1283 4128 1331 4184 ger
1355 4138 1384 4183 gr
1412 4128 1463 4182 troc
1490 4125 1635 4182 rorandum
1663 4128 1690 4182 irr
1717 4143 1753 4184 eo
1777 4126 1848 4199 qued

214 4213 237 4257 ei
257 4203 480 4274 conpreqnbnultss
500 4205 527 4259 itt
547 4207 768 4277 certarequticttcm
791 4207 867 4262 tuias
886 4207 963 4280 foscis
975 4207 1002 4261 itt
1055 4218 1184 4290 ger-iprum
1198 4223 1249 4285 est,
1268 4215 1301 4271 Ei
1313 4227 1369 4285 perr
1387 4216 1480 4271 urgeres
1502 4216 1557 4270 dier
1580 4214 1774 4283 visitabuntur,
1786 4216 1848 4289 qd.

214 4296 314 4362 inrum,
329 4306 351 4349 et
370 4297 534 4351 includentur
551 4298 587 4352 ibi
605 4301 631 4352 in
651 4315 792 4367 smeerem,
812 4301 846 4355 de
863 4299 1002 4356 animabus
1055 4309 1111 4380 ipsa
1131 4307 1275 4363 inultorum
1296 4306 1400 4361 dierum
1419 4304 1563 4375 appellatio
1584 4306 1780 4376 congruentius
1798 4304 1848 4365 itu-

213 4387 311 4443 dicitur
333 4402 427 4442 eorum
454 4404 579 4459 qnorum,
596 4390 709 4444 bertuino
731 4391 866 4458 visitante,
890 4406 1001 4462 corpora
1017 4422 1042 4481 D
1056 4402 1097 4469 rur
1118 4397 1208 4454 saeeuli
1230 4397 1394 4466 temporibus
1416 4396 1578 4466 assignetur,
1590 4410 1651 4464 quse
1665 4395 1770 4453 alterna
1788 4396 1847 4453 die-

213 4481 347 4537 dubuutur
367 4480 393 4535 in
409 4490 534 4549 mortem,
547 4498 607 4550 quae
620 4483 669 4537 etsi
685 4497 737 4537 nou
751 4483 829 4538 simui
844 4498 958 4554 egressae
970 4484 1004 4540 de
1057 4505 1115 4546 rum
1137 4504 1169 4545 ac
1188 4489 1305 4544 noctium
1328 4484 1512 4541 uicissitudine
1527 4484 1841 4557 multiplicabimur

212 4585 337 4640 corpore,
352 4580 455 4626 cunctae
475 4582 563 4628 tamen
584 4587 633 4627 suo
648 4587 759 4643 quaeque
776 4574 802 4629 iu
817 4575 910 4631 ordine
927 4590 1001 4632 crum·
1056 4583 1149 4646 iuturi,
1168 4581 1212 4637 ubi
1225 4580 1393 4635 cessantibus
1408 4579 1534 4634 iturarum
1547 4577 1732 4643 discursibus,
1747 4576 1833 4635 muel

214 4663 275 4718 dcrn
293 4664 527 4735 congregabuntur
547 4663 572 4718 iu
597 4664 708 4731 lusi-cm,
731 4665 851 4735 ejttsdem
866 4682 1004 4737 poetrarum
1054 4673 1105 4728 erit
1118 4671 1247 4728 boutiuus
1259 4671 1285 4726 in
1301 4671 1388 4726 lucem
1402 4670 1593 4740 sempiternam
1604 4708 1611 4733 ,
1622 4668 1751 4737 stimpli,
1764 4667 1825 4741 ligat

214 4756 370 4823 perenuium
386 4755 580 4811 concludentur
597 4753 646 4829 [iu]
663 4758 836 4827 ergastulum.
857 4758 937 4815 iuxta
950 4763 1004 4815 uti·
1055 4761 1218 4817 manibusac
1230 4761 1508 4831 pedibus,ctlerieres
1519 4759 1661 4815 mittentur
1672 4758 1819 4833 interscissa

214 4860 267 4915 true
280 4848 482 4916 dispositionem
495 4849 609 4905 districti
623 4851 730 4920 iudicis,
744 4861 773 4906 ut
785 4852 830 4922 qui
844 4853 901 4923 pari
916 4863 1005 4912 menie
1055 4854 1168 4924 ideoque
1178 4864 1254 4909 recte
1269 4853 1439 4909 serrtienrlum
1453 4853 1516 4923 quia
1529 4850 1575 4923 qui
1590 4866 1664 4908 nunc
1676 4850 1811 4911 interualli

217 4936 440 5007 impugnaverunt
454 4937 616 5007 Ecclesiam,
638 4941 737 5010 pariter
755 4958 811 4998 suae
832 4943 1005 5001 theomachia
1055 4945 1224 5001 tenebrarum
1245 4958 1354 4999 carcere
1376 4953 1513 5010 terrentur,
1529 4950 1590 5014 post
1612 4942 1715 5001 nultos
1736 4944 1804 5003 labar

216 5027 377 5097 supplicium
402 5029 484 5084 luant.
502 5029 578 5098 Qtrod
594 5042 621 5087 et
636 5032 670 5087 dc
682 5033 788 5089 eaetcris
811 5035 932 5104 reprobis
948 5035 1004 5092 lieri
1057 5038 1137 5106 buius
1161 5036 1254 5091 saeculi
1270 5036 1329 5091 dies
1344 5033 1495 5100 tisitentur,
1510 5035 1537 5090 in
1559 5034 1603 5089 illa
1628 5036 1723 5105 utiquc
1743 5035 1796 5095 bor

217 5115 341 5173 doctores
356 5112 488 5174 'lieeiesise
511 5120 628 5188 tradunt,
646 5137 735 5192 pares,
756 5123 888 5194 uidelicet,
905 5127 931 5183 in
946 5131 1005 5184 cul·
1055 5146 1106 5201 qua
1122 5144 1209 5185 amires
1224 5130 1267 5198 qui
1281 5130 1307 5183 in
1322 5130 1492 5184 monumentis
1506 5138 1566 5183 mast
1576 5129 1681 5184 cadim
1697 5144 1786 5187 am

217 5208 269 5275 pis,
286 5207 558 5275 puritcrdamnnndos
573 5211 599 5265 in
613 5212 698 5281 poerris
711 5221 736 5268 ct
750 5213 808 5270 baec
817 5229 877 5272 esse
890 5218 961 5288 qnod
972 5219 1006 5276 de
1055 5223 1118 5277 sirini
1130 5230 1153 5277 et
1167 5220 1316 5289 procedent,
1327 5221 1371 5290 qni
1382 5218 1448 5273 iona
1460 5222 1584 5288 fremat,
1595 5219 1622 5274 in
1635 5222 1780 5277 resurrecti

217 5296 328 5353 altantis
337 5297 509 5355 sirboniuus
519 5318 525 5353 :
536 5301 811 5374 diligetecniusciruio
820 5306 1006 5365 adsentiarru·
1056 5311 1124 5375 aitoe,
1137 5310 1183 5380 qui
1195 5323 1253 5364 aero
1267 5309 1335 5363 main
1358 5317 1462 5380 eperunt
1482 5309 1508 5360 in
1522 5309 1733 5365 rnmecrionnrr
1742 5310 1774 5383 J's

217 5392 290 5455 dum,
302 5406 396 5447 avaros
410 5405 471 5446 cum
486 5393 591 5461 araris,
608 5394 761 5451 luxuriosos
774 5412 835 5453 eum
850 5397 1005 5469 intrusoris,
1056 5401 1132 5471 eujus
1147 5399 1309 5454 visitationis
1324 5406 1446 5468 tempore
1467 5397 1513 5454 liet
1527 5398 1578 5455 boc
1593 5413 1706 5471 quoqne
1722 5418 1766 5473 qus

218 5484 340 5552 periurus
351 5500 411 5540 cum
426 5483 550 5554 perjuris,
566 5493 593 5540 et
607 5496 720 5542 ceteros
733 5502 840 5558 quoquc
852 5498 1007 5555 peccatores
1057 5495 1146 5565 quitur
1159 5510 1165 5546 ε
1177 5492 1211 5548 Ει
1224 5493 1350 5547 erubescet
1363 5491 1426 5546 iuna
1440 5501 1463 5545 et
1473 5492 1647 5561 confundetur
1656 5496 1710 5560 soi,
1722 5495 1750 5553 id

218 5588 277 5629 eunt
291 5576 388 5632 situilis
405 5578 491 5648 cuipae
507 5575 693 5646 complicibus,
716 5580 794 5635 simul
813 5587 922 5640 aeternis
939 5584 1006 5657 igni·
1058 5583 1171 5640 bomine
1185 5584 1212 5639 in
1226 5581 1371 5653 Evangelio
1384 5590 1539 5650 attestante,
1560 5584 1606 5653 qai
1618 5586 1657 5640 ait
1669 5602 1677 5640 ι
1691 5586 1751 5643 Stet

217 5662 338 5724 iurasse
350 5666 519 5738 mergendos.
534 5664 770 5740 congregabuntur
783 5685 865 5744 ergo,
879 5688 1006 5744 pereunte
1057 5690 1105 5734 seru
1114 5688 1173 5745 port
1182 5676 1372 5733 tribulationem
1383 5676 1483 5732 dieram
1494 5674 1611 5749 illoram,
1622 5678 1663 5735 sni
1672 5678 1743 5737 siser
