3802 6126
134 285 188 347 tat
493 284 592 347 REM
612 281 836 344 venerantum
853 280 929 341 OPP.
950 278 1037 337 PARS
1055 276 1098 336 ΙΙΙ.
1119 308 1154 323 -
1173 269 1412 335 rtttAEtt'ttt'ict.
1705 270 1760 331 Μ

132 409 170 463 Νι
183 404 333 462 recorderis
346 412 465 457 recerunt
480 410 631 457 ttoatrarum
649 396 826 466 iniquitatum,
930 397 956 454 Α
971 391 1001 446 iit
1015 393 1051 445 eit
1063 392 1144 446 decor
1160 389 1264 446 Domini
1279 387 1327 444 uei
1343 386 1428 444 noatri
1441 396 1596 455 ettpmme,
1609 390 1725 455 etopus

168 502 221 553 cito
233 495 391 550 occumbent
404 490 594 548 tuiamicnrdiae
606 496 669 551 tum,
1004 494 1131 536 tttnnunm
1146 490 1297 536 nosrrarum
1311 478 1440 533 condrma

168 587 228 657 quia
242 583 371 641 attenuati
383 596 475 637 eumue
485 579 575 636 nimia.
970 574 1008 628 Tu
1025 574 1095 628 euim
1111 588 1153 639 es,
1168 572 1291 635 iiotnine,
1305 583 1366 639 opes
1380 584 1437 623 ιιιοι
1451 565 1594 637 :quomam
1609 565 1659 620 iaa-

135 677 271 734 dnaiiiare
285 675 372 740 nobis,
390 675 458 727 Ιιοιιο
468 670 549 725 'desita
564 676 665 731 noeter,
682 677 791 738 propter
1005 661 1110 716 tiilcaati
1122 675 1176 729 me,
1194 660 1317 724 Domine,
1327 661 1353 713 in
1367 672 1449 727 opere
1465 666 1522 712 tmr.

170 768 280 836 giarium
296 763 413 817 nominis
428 760 477 824 tui,
491 768 519 813 et
532 759 615 812 iibere
629 772 688 824 noe,
968 753 1134 810 Testimonia
1150 762 1193 809 tua
1209 752 1296 808 iideiia
1311 749 1382 807 tacu
1396 760 1459 806 stant

169 865 195 911 et
208 853 352 924 propitiare
367 850 483 919 peccatis
497 847 595 904 nostrie
1006 843 1095 899 nitttie.

168 954 275 1012 propter
290 954 386 994 tromen
402 950 487 995 tuum.
970 933 1151 990 misericordia
1164 940 1221 1002 tua,
1239 932 1361 998 Domine,
1374 931 1541 987 artarentaitar
1555 947 1609 987 ttae.

130 1033 236 1088 Suscita
252 1026 448 1098 mutitudinem,
462 1036 487 1083 et
504 1026 565 1082 reni
578 1036 608 1081 ut
621 1025 711 1081 enirm
971 1026 1075 1092 Venite,
1089 1026 1245 1093 adommut,
1260 1032 1288 1081 et
1302 1037 1456 1091 curvemur,

168 1125 248 1177 inciae
263 1136 321 1175 noa.
1004 1116 1144 1171 flectamur
1156 1129 1243 1185 genua
1258 1121 1321 1170 aute
1336 1113 1431 1168 faciem
1447 1113 1552 1168 Domini

131 1215 244 1270 domine
257 1213 435 1278 exercituum,
447 1220 573 1268 ettnrerte
588 1225 647 1277 noa,
662 1217 690 1266 et
699 1223 747 1265 oe·
1008 1205 1116 1262 factoris
1130 1207 1214 1260 nostri
1225 1221 1233 1271 ;
1245 1203 1305 1275 quia
1318 1204 1377 1272 ipse
1389 1214 1428 1257 est
1439 1202 1567 1257 dorcinca
1580 1202 1650 1258 Deua
1659 1212 1768 1261 ιιοοιοτ.

166 1307 246 1362 tonde
259 1305 351 1362 iuciem
365 1314 449 1374 tuam,
463 1315 489 1361 et
503 1306 568 1361 seiri
581 1305 694 1360 erimus.
970 1298 1063 1354 Gloria
1078 1305 1106 1352 et
1117 1296 1199 1352 decor
1211 1305 1275 1352 ante
1289 1297 1391 1351 ruitum
1405 1295 1474 1358 eiua.

131 1396 250 1452 inttdnte
263 1398 356 1461 iteum,
372 1394 553 1450 iortitudinem
565 1403 696 1449 ttoetrom.
971 1391 1022 1458 Qui
1034 1390 1145 1461 diligitis
1160 1389 1316 1453 bominum,
1332 1389 1407 1444 odite
1421 1388 1532 1443 maium.

128 1487 264 1552 indicate,
279 1485 388 1556 pauperi
402 1493 429 1540 et
444 1485 556 1556 popitto,
570 1498 656 1556 egeno
1005 1478 1128 1535 Custodit
1145 1481 1274 1535 dominun
1286 1479 1391 1532 animae
1405 1486 1564 1534 aanctorutn
1577 1488 1705 1531 auorum.

167 1587 194 1633 et
212 1578 282 1647 inopi
292 1577 364 1647 justo
377 1575 465 1634 irrite.
1006 1571 1045 1629 Ιιο
1060 1587 1140 1627 manu
1156 1571 1299 1642 impiorum
1315 1581 1393 1626 eruet
1404 1585 1463 1625 eoa.

134 1671 244 1727 situata
254 1671 371 1738 inopem,
383 1678 410 1725 et
424 1682 573 1739 pauperem
973 1668 1139 1724 iiceordatm
1153 1674 1195 1721 eat
1209 1662 1401 1720 misericordiae
1415 1676 1483 1717 aare.

169 1759 203 1815 dc
214 1775 293 1815 manu
306 1759 448 1829 impiorum
462 1758 584 1814 liberate.
934 1748 960 1811 B
973 1759 1097 1815 Excitate
1112 1756 1255 1812 dominum
1267 1755 1350 1810 Deum
1365 1763 1497 1811 nostrum.

134 1851 214 1920 neus,
227 1864 261 1905 ne
273 1859 374 1915 taceae,
388 1863 422 1904 ιιο
433 1850 525 1915 sidens,
539 1855 567 1905 et
580 1862 635 1904 non
647 1849 812 1920 acorrieecaa.
972 1849 1079 1907 Serrite
1093 1849 1206 1904 Domino
1217 1848 1244 1901 in
1260 1845 1363 1902 iaetitia.
1380 1841 1554 1914 ingredimini

171 1940 286 2005 Deua,et
299 1939 385 1995 aciaut
395 1941 456 2009 quia
470 1954 567 1995 nomen
582 1947 657 1995 taum
669 1950 722 2006 eat,
734 1940 807 1996 ueue
818 1950 920 1996 noster.
1007 1941 1098 1995 odram
1115 1951 1149 1994 eo
1163 1937 1190 1992 in
1205 1934 1294 1991 laude.

132 2032 172 2086 ἰιι
186 2031 261 2087 eoiua
275 2032 398 2087 excelsus
411 2044 493 2100 super
504 2044 612 2087 omnent
627 2040 737 2087 terram.
973 2026 1076 2085 Scitote
1089 2025 1215 2097 quoniam
1227 2022 1355 2079 nonninus
1368 2023 1426 2092 ipae
1438 2028 1480 2076 eet
1495 2020 1576 2076 Deus.
1592 2019 1655 2090 ipe

132 2124 245 2182 [ιοιιιιιιο
260 2124 331 2180 oeus
345 2125 523 2190 exercituum,
538 2122 634 2180 exaudi
651 2125 812 2180 orationem.
1008 2116 1072 2174 iecit
1084 2130 1134 2172 noa
1147 2126 1175 2172 et
1188 2130 1237 2171 uon
1253 2114 1336 2183 ipsius
1349 2128 1453 2169 eumue.

133 2215 245 2271 Domine
255 2216 432 2279 exercituum,
448 2215 540 2269 beatum
553 2216 635 2270 horno
647 2215 695 2286 qui
972 2204 1183 2264 Uiaerirordiam
1198 2213 1227 2260 et
1238 2204 1368 2275 indicium
1381 2202 1569 2271 cantatorum,
1584 2202 1715 2259 [iambe.

165 2306 278 2359 cottitdit
292 2306 318 2358 in
334 2314 369 2359 ιο.
1008 2296 1124 2353 Peailam
1139 2306 1167 2352 οι
1181 2293 1291 2351 erudiar
1305 2294 1333 2351 in
1345 2295 1387 2348 eia
1401 2292 1519 2363 peeteeta

130 2398 263 2451 ilunrerte
278 2407 338 2462 rios,
354 2392 427 2449 Deua
439 2391 518 2449 testo
533 2403 634 2459 noeter,
648 2404 676 2448 et
688 2392 763 2449 mire
776 2395 845 2448 iram
1007 2387 1114 2459 quando
1126 2387 1218 2442 terties
1230 2385 1264 2440 ad
1278 2398 1333 2441 ιιιο.

166 2496 239 2540 mam
255 2486 400 2540 adversum
417 2497 476 2549 nos,
489 2484 544 2540 neii
557 2484 584 2539 in
597 2493 728 2539 eternum
972 2477 1095 2545 domiue,
1109 2476 1205 2533 eraudi
1220 2475 1372 2531 orationem
1388 2488 1486 2541 meam,

165 2577 244 2630 irasci
259 2576 347 2630 nobie.
1009 2575 1043 2629 Et
1055 2574 1157 2629 ciamor
1170 2584 1247 2627 meus
1261 2570 1294 2624 ad
1309 2578 1336 2625 te
1350 2571 1490 2639 perveniat

130 2665 246 2722 Ostende
261 2665 349 2734 nobie,
365 2664 487 2732 Domina,
503 2663 716 2722 mirericordiam
732 2672 815 2730 tuatn,
972 2663 1031 2720 lion
1047 2661 1198 2720 abscondar
1212 2660 1310 2717 faciem
1323 2668 1395 2716 tuam
1409 2675 1424 2714 a
1440 2673 1484 2714 ιιιο

167 2770 194 2813 οι
205 2757 321 2813 salutare
334 2766 407 2813 tuum
421 2757 455 2813 da
470 2756 558 2814 uuida.
1008 2758 1035 2814 iu
1048 2756 1092 2814 die
1104 2756 1287 2813 tribulationie
1301 2769 1381 2822 mee,
1395 2754 1497 2809 ineiioa

127 2846 244 2911 doctina,
263 2846 384 2913 nornine,
399 2862 490 2901 aurem
508 2857 591 2915 tuam,
605 2857 633 2902 et
647 2847 744 2904 exaudi
759 2862 824 2903 nte:
1007 2849 1040 2903 ad
1056 2862 1099 2904 me
1112 2862 1204 2902 aurem
1218 2857 1304 2901 tuam.

165 2936 291 3007 quoniam
306 2951 406 3006 egenus
418 2949 445 2991 et
458 2951 558 3006 puupcr
571 2951 631 2993 sum
644 2952 704 3008 ego.
972 2940 1001 2994 iu
1014 2952 1174 3010 utracunque
1186 2938 1230 2994 die
1244 2938 1407 2993 invocavero
1420 2942 1457 3000 te,

127 3027 257 3082 idicerere
271 3027 333 3095 mei,
349 3026 473 3093 Domine,
490 3027 614 3097 quoniam
628 3028 661 3082 ad
678 3036 703 3083 ιο
717 3027 840 3083 ciaotabn
1009 3030 1137 3086 velociter
1151 3027 1247 3085 eraudi
1264 3042 1317 3082 me.

167 3125 221 3170 tota
236 3114 299 3182 die;
316 3116 420 3171 iutiiica
435 3115 551 3172 antimum
566 3117 637 3173 nervi
651 3117 700 3185 tui,
933 3110 959 3177 C
974 3121 1103 3187 Benedic,
1118 3122 1207 3177 anima
1221 3134 1293 3186 mea,
1310 3117 1437 3181 Dontino,
1451 3125 1480 3172 ct
1491 3115 1583 3170 onmia

166 3208 226 3278 quia
239 3209 273 3263 ad
288 3216 314 3265 ιο
328 3209 444 3264 animam
457 3223 545 3265 meam
560 3209 631 3266 iero.
1009 3214 1136 3269 interiora
1152 3226 1211 3267 mea
1227 3211 1328 3267 nomini
1343 3218 1438 3264 caneto
1451 3206 1522 3278 ejus.

126 3300 245 3370 Exaudi,
259 3298 381 3368 Domine,
395 3314 488 3357 rocem
501 3315 602 3371 meam,
616 3309 645 3358 οι
656 3300 777 3357 ausculta
794 3315 887 3358 rocem
972 3306 1100 3371 Benedie,
1117 3305 1204 3360 anima
1219 3317 1291 3372 mea,
1308 3302 1432 3367 domitto,
1444 3310 1472 3357 et
1487 3299 1541 3355 noti
1556 3296 1687 3355 oitiiriaei

165 3391 382 3462 deprecationum
397 3406 529 3448 mearum.
1009 3399 1130 3454 omnium
1146 3394 1350 3454 retributionum
1364 3394 1434 3463 eine.

120 3482 159 3538 dn
174 3482 217 3538 die
232 3482 409 3538 tribulationie
420 3482 551 3539 invocabo
563 3493 602 3551 te,
975 3490 1025 3560 Qui
1041 3486 1317 3561 propitiaturcunetis
1331 3484 1514 3557 iniquitatibus
1756 3476 1772 3521 ⁸·

166 3573 290 3644 quoniam
304 3573 435 3632 exaudiet
448 3587 503 3631 ιιιο.
1015 3582 1079 3649 tuis,
1094 3588 1122 3636 et
1132 3589 1209 3636 sanat
1222 3593 1317 3635 omnen
1328 3577 1471 3648 ianguorea
1485 3587 1558 3633 tuoe.

122 3664 203 3720 uoce
217 3678 270 3729 ute,
288 3663 495 3729 Domine-riam
508 3671 591 3732 tuam,
605 3664 783 3724 etamboietu
974 3671 1025 3740 Qui
1041 3670 1149 3727 redimit
1163 3671 1197 3726 de
1212 3669 1387 3739 corruptione
1401 3669 1483 3724 eitam
1497 3677 1583 3735 taam,
1758 3660 1774 3699 '¹

166 3755 194 3812 in
207 3758 319 3813 veritate
333 3767 387 3812 tua.
1010 3771 1038 3816 et
1049 3767 1160 3815 coronat
1173 3766 1200 3816 te
1213 3758 1396 3816 misericordia
1411 3768 1440 3814 et

122 3847 244 3904 ¹:Unicum
255 3846 296 3903 iac
306 3862 353 3902 cor
363 3861 464 3918 mount,
481 3856 510 3904 ut
522 3848 616 3906 dunat
629 3863 726 3907 nomen
742 3861 816 3907 tuutu
1010 3850 1238 3906 miserationibue.

166 3942 193 3996 in
206 3941 407 4009 sempiternum.
975 3941 1100 4004 dimedio,
1115 3942 1287 4006 animemed,
1303 3940 1426 4010 Domino,
1441 3939 1556 3997 uenite
1566 3939 1640 3996 iieua
1650 3954 1741 4010 metro,

128 4031 171 4086 ‘du
182 4040 285 4096 autem,
299 4030 422 4096 [tontine.
438 4030 602 4099 misericort,
618 4033 747 4102 clemona,
1009 4032 1195 4103 magnificatos
1208 4046 1238 4087 es
1252 4031 1343 4086 nimia.

166 4121 272 4191 respice
286 4122 313 4176 in
327 4135 381 4190 me,
396 4132 424 4178 er
435 4123 564 4179 miserere
575 4124 638 4180 tuci.
972 4124 1013 4182 Sit
1024 4124 1107 4195 gioria
1124 4124 1229 4178 Ιιιιιιιιιιι
1244 4123 1271 4177 ιιι
1284 4124 1412 4179 amonium
1427 4121 1530 4180 ιιιοιιιι.
1546 4122 1701 4179 tutabitur

160 4213 205 4268 ita
221 4213 404 4271 iortitudineut
417 4212 690 4283 nocumentum
1008 4219 1135 4274 nonninus
1150 4219 1177 4273 in
1192 4219 1319 4288 operibus
1331 4218 1399 4274 eois.

165 4305 249 4361 fliium
263 4305 367 4361 anciila
381 4313 444 4361 tute.
971 4309 1089 4378 Queritc
1105 4308 1247 4365 Dominum
1261 4320 1288 4365 οι
1304 4310 1430 4365 virtutem
1444 4308 1515 4380 eiua.

131 4394 186 4450 iao
200 4410 305 4450 mecum
320 4395 427 4464 signum
439 4393 466 4449 itt
480 4390 609 4459 bonitate,
625 4401 654 4449 ut
668 4393 776 4451 rideant
1008 4400 1127 4466 Quaerite
1140 4399 1235 4454 iacicm
1251 4399 1311 4467 eiua
1323 4412 1441 4468 temper.
1644 4412 1649 4427 ·
1703 4427 1709 4447 ·
1762 4394 1773 4433 ι

165 4487 211 4558 qui
224 4487 341 4542 oderunt
356 4499 409 4553 me,
422 4483 671 4541 cteoniunduntur.
933 4484 960 4546 D
974 4488 1160 4546 iiecordamini
1173 4488 1336 4545 mirabiiium
1349 4504 1409 4561 quaa
1421 4488 1495 4546 iecit.
1703 4493 1711 4527 ι
1733 4520 1738 4529 -

128 4581 196 4649 Quia
209 4589 248 4645 tu,
264 4577 388 4645 Domine,
401 4574 544 4633 auxiliatur
556 4590 586 4633 ee
599 4575 676 4646 utut,
975 4582 1048 4638 Beati
1067 4581 1112 4652 qui
1127 4580 1284 4637 custodiunt
1295 4579 1439 4651 iudicium,
1453 4590 1483 4639 οι

163 4683 191 4728 οι
204 4670 359 4726 consolatur
376 4683 405 4725 ea
418 4682 472 4724 me.
1008 4671 1110 4726 iaciunt
1119 4671 1250 4743 justitian
1263 4674 1289 4726 in
1302 4672 1375 4727 omni
1392 4679 1525 4741 tempore.

127 4764 164 4819 ut
178 4760 323 4818 mutabunt
335 4761 413 4833 quari
425 4762 453 4816 iu
465 4757 555 4816 etum
567 4772 664 4816 otuoee
972 4765 1049 4821 satra
1066 4777 1125 4829 nus,
1141 4762 1253 4818 domine
1268 4762 1348 4828 Deae,
1362 4771 1392 4817 ut
1403 4760 1582 4817 confiteamur

146 4853 254 4912 ·iontea
269 4855 322 4911 mei
336 4857 414 4913 inte.
1010 4855 1112 4912 nomini
1126 4861 1220 4911 eanum
1233 4863 1290 4917 tuo,
1305 4862 1333 4908 et
1344 4865 1473 4908 canamus
1488 4851 1631 4910 iaudatttca

129 4944 296 5017 ingrediatur
310 4955 374 5000 ante
383 4954 411 5002 ιο
419 4944 506 5000 oratio
524 4960 594 5013 mea,
1010 4959 1046 5002 to.
1062 4947 1222 5002 Benedictus
1234 4942 1364 5001 iiominm
1376 4944 1447 5000 Deua
1458 4942 1551 5000 iaraei.

164 5034 263 5092 metina
276 5048 371 5090 aurem
385 5042 458 5090 tuam
470 5036 503 5090 ad
519 5036 700 5095 laudationem
711 5051 811 5093 meam
971 5038 1142 5096 comitemini
1158 5036 1272 5092 domino
1284 5036 1414 5108 quoniam
1426 5034 1526 5104 bonne,
1540 5037 1670 5108 qnondam

128 5130 185 5202 Epo
197 5139 287 5183 auteur
301 5126 335 5184 ad
349 5135 387 5197 te,
405 5126 530 5196 umine,
546 5128 671 5199 clamavi,
686 5141 715 5188 et
727 5146 805 5188 unane
1045 5132 1071 5185 in
1085 5139 1215 5185 eternum

164 5219 250 5275 oratio
264 5232 322 5273 mea
336 5218 481 5288 praeveniet
498 5229 536 5278 ιο.
1008 5221 1192 5277 misericordia
1207 5220 1278 5290 ejtta.

127 5311 333 5370 Conittcountur
343 5310 406 5367 eteii
421 5311 551 5367 mirabilia
566 5319 624 5379 tua,
640 5313 764 5383 nornine,
971 5316 1156 5371 conticeantur
1171 5313 1285 5369 Domino
1300 5311 1492 5369 misericordiae
1502 5312 1575 5385 eins,

129 5406 311 5465 Micericordia
326 5415 354 5461 et
368 5406 467 5461 veritae
482 5406 616 5476 praeibunt
1007 5421 1034 5467 et
1048 5411 1178 5466 mirabiiia
1195 5408 1254 5479 eiua
1271 5409 1298 5464 in
1311 5407 1381 5464 iiiior
1395 5408 1547 5464 hominum.

164 5499 259 5555 iaciem
274 5508 358 5554 tuam.
971 5503 1038 5573 Quia
1053 5501 1160 5558 satiarit
1174 5501 1291 5555 artimam
1305 5515 1429 5568 vacuam,
1444 5508 1473 5557 et
1484 5501 1603 5558 animam

127 5590 261 5658 appareat
275 5593 344 5660 apud
357 5602 451 5646 terroe
466 5597 526 5642 tuoe
540 5598 711 5663 oportunae,
1007 5594 1170 5647 esurientem
1185 5589 1306 5661 implerit
1321 5590 1410 5645 ironia.

160 5690 191 5736 et
200 5681 289 5753 giuda
304 5690 349 5738 tua
363 5693 445 5754 super
459 5679 529 5737 iiiior
543 5695 649 5739 eorum.
973 5683 1010 5740 iia
1023 5684 1102 5740 noitia
1114 5680 1244 5739 auxilium
1258 5680 1285 5738 iu
1302 5680 1485 5739 tribulatione.
