3802 6126
53 280 110 337 ast

481 275 579 334 sect.
600 276 620 331 1.
641 273 801 332 ttbitttte.
821 271 939 328 -1111,
961 273 990 328 11.
1014 274 1094 330 11011.
1116 275 1291 334 ῦΕΝῑΠΝιΕ.

1645 277 1699 332 titt

54 391 152 462 dejici.
163 390 280 447 Stabunt
290 404 350 444 cum
361 388 409 444 illo
421 398 448 444 et
458 387 662 458 discipulique
673 385 856 457 magisterium
873 390 893 442 tl
910 385 1001 455 utique
1017 402 1083 452 nos,
1106 398 1136 441 ιιι
1154 390 1258 458 quoties
1275 388 1468 443 incarnationis
1482 387 1540 459 ejus
1556 389 1699 447 transitum

56 484 121 551 eius
134 482 220 538 corde
232 481 417 551 sequebantur
431 480 574 536 immobili.

98 592 134 648 Et
153 596 312 661 respicient,
334 593 438 663 inquit,
459 591 550 649 lesum
571 595 753 658 ambulantem,
775 593 859 648 dicit:

59 687 130 744 Erce
152 690 243 760 denne
272 688 332 742 liei.
363 687 517 742 dnibolatio
541 686 604 741 lesu
630 686 857 755 dispensationem

60 778 271 845 iocarttationis,
286 792 338 847 qna
353 778 386 832 ad
402 792 451 832 nus
465 777 574 842 venire,
596 792 628 831 ac
646 776 723 829 nobis
737 774 860 842 exempla

63 871 172 925 sinendi
190 870 325 938 praebere,
341 869 532 938 dignatusest,
549 867 683 931 ittsinuat;
700 867 769 920 sicut
785 882 860 919 mnn-

62 959 106 1014 sio
118 959 179 1027 ejus
192 961 370 1013 eternitatem
387 957 557 1022 divinitatis,
583 956 608 1009 in
629 970 681 1023 qua
696 970 804 1024 semper
817 965 860 1011 est

61 1049 138 1104 miri
154 1051 283 1118 equalis,
301 1049 441 1118 aptissime
455 1048 589 1118 designat.
617 1047 774 1116 Respiciens
797 1061 860 1116 ergo

57 1141 157 1198 lesum
177 1143 360 1197 ambulantem
374 1141 491 1196 loannes
505 1142 588 1195 dicit:
607 1140 672 1194 Ecce
686 1142 772 1210 Aqnus
788 1139 859 1209 Dei,

58 1237 126 1304 quia
140 1234 236 1289 ridens
250 1249 312 1289 eum
331 1235 402 1289 inter
418 1235 540 1289 bomioes
554 1243 780 1301 conversantem,
796 1249 859 1300 pro·

58 1328 218 1396 lectumque
230 1325 283 1380 illis
295 1326 356 1379 rite
367 1325 485 1382 coelestis
495 1335 522 1381 et
533 1325 610 1379 iactis
619 1325 859 1390 demonstrantem,

58 1427 89 1471 et
104 1417 198 1472 rerbis
212 1425 305 1485 aperte
321 1418 522 1486 pronuntiabat,
539 1416 599 1487 quia
616 1433 669 1471 non
687 1419 753 1486 ipse,
769 1427 798 1472 ut
813 1435 861 1487 pu·

60 1507 170 1575 tabent,
184 1507 231 1560 sed
249 1507 294 1562 ille
310 1517 398 1567 esset,
415 1506 458 1575 qni
476 1508 509 1561 ad
525 1508 737 1576 redemptionem
752 1508 861 1577 generis

60 1599 174 1652 bomani
201 1612 215 1651 ιι
240 1597 296 1651 lieo
312 1596 390 1651 Pistre
404 1598 502 1651 missos
516 1607 588 1652 esset
602 1598 629 1651 lo
646 1597 791 1661 mundum,
816 1597 860 1652 ille

60 1688 109 1758 qui
124 1688 239 1742 turmam
253 1688 413 1741 innocentie
424 1696 450 1741 et
462 1686 597 1756 patientie
609 1688 634 1741 in
646 1701 676 1741 se
688 1686 860 1741 credentibus

910 475 1076 532 adnitentem
1094 479 1265 543 reducimus,
1289 480 1404 534 sollicito
1423 494 1529 548 semper
1542 495 1603 535 eom
1618 482 1700 536 corde

910 583 1052 639 rogemus,
1075 582 1103 623 ιιι
1123 573 1312 625 lrnbitntionem
1329 571 1405 627 nobis
1424 585 1533 627 aeternos
1552 587 1607 627 snas
1623 587 1699 626 rtran·

910 662 1010 724 sionis,
1033 678 1091 730 qum
1111 672 1152 716 est
1172 664 1240 732 apud
1259 664 1384 727 Patrem,
1408 664 1550 717 ostendere
1564 664 1701 735 dignetur,

910 752 1028 809 dieentes
1042 770 1102 809 curn
1119 758 1209 828 lloyse
1225 775 1230 809 :
1250 755 1368 821 bomine,
1384 758 1490 809 ostende
1505 756 1576 809 nolis
1590 758 1701 827 plurium

911 855 979 897 tuom
993 845 1091 915 (Eucti.
1107 848 1213 916 issu-l.
1230 847 1296 914 Quia
1313 857 1403 901 autern
1420 847 1477 912 ipse
1493 846 1640 914 discipulos
1655 862 1701 901 re·

912 935 981 1002 nire,
996 946 1023 991 ct
1037 938 1081 991 nbi
1098 949 1219 992 mntrcrct
1234 938 1325 992 videre
1341 938 1479 1007 praeripit,
1496 938 1622 990 uirtutum
1638 953 1700 1006 pro-

911 1025 980 1081 lecto
993 1026 1121 1091 studium,
1130 1026 1225 1096 qnibus
1237 1027 1269 1080 ad
1281 1038 1381 1081 eterna
1392 1027 1487 1097 gaudia
1501 1028 1699 1095 perveniamus,

910 1119 1078 1174 subcundum
1091 1120 1168 1173 nobis
1178 1119 1306 1173 ostendit.
1318 1118 1416 1174 Venire
1426 1119 1524 1175 etenim
1538 1130 1598 1188 post
1607 1119 1699 1174 lesum

911 1219 962 1275 est,
981 1223 1008 1264 ut
1023 1212 1189 1265 mansionem
1205 1211 1262 1280 ejus
1277 1211 1368 1265 ridere
1384 1212 1528 1279 possimus,
1543 1211 1620 1266 bonis
1636 1226 1700 1280 ope·

912 1301 986 1357 ribos
1001 1317 1060 1371 que
1077 1301 1134 1368 ipsc
1149 1303 1366 1371 premonstravit
1389 1301 1528 1368 insistere,
1551 1302 1700 1370 lrorutttqoe

911 1393 1075 1464 quotidianis
1090 1393 1302 1464 protectionem
1314 1394 1499 1450 celsitudinem
1512 1394 1607 1449 dirime
1620 1395 1701 1450 risio·

911 1487 953 1541 nis
966 1489 1108 1557 attingere.

950 1599 1090 1664 Venerunt,
1107 1599 1203 1669 inquit,
1215 1612 1239 1653 et
1254 1600 1369 1654 uiderunt
1385 1600 1428 1653 ubi
1442 1608 1575 1669 muneret,
1593 1608 1618 1653 et
1632 1598 1703 1667 uputl

911 1706 969 1743 enm
981 1700 1129 1745 nrnrrrerunt
1140 1693 1181 1744 ilie
1193 1691 1259 1746 illo:
1273 1695 1336 1746 beru
1348 1702 1435 1745 utitem
1446 1702 1500 1746 erot
1510 1693 1584 1760 queri
1595 1692 1701 1745 decimu.

60 1789 137 1832 esset
152 1778 286 1840 daturus,
310 1778 344 1831 de
357 1792 410 1845 quo
435 1779 460 1831 in
485 1791 566 1832 corne
581 1788 696 1832 rentnro
711 1781 860 1847 preciosos
878 1745 978 1852 ¹3little
995 1786 1039 1839 ter
1061 1785 1194 1841 indecem
1211 1787 1353 1856 praeceptis
1367 1787 1429 1840 dota
1446 1797 1507 1850 est,
1531 1787 1601 1841 solet
1615 1786 1641 1840 in
1656 1786 1704 1841 de·

63 1870 195 1941 propheto
211 1870 337 1925 dicebat:
356 1869 429 1925 Sicut
448 1871 502 1924 uuis
522 1871 555 1922 ud
576 1871 730 1924 occisionem
741 1872 861 1934 ducetur,
914 1879 990 1929 nario
1015 1891 1127 1932 numero
1153 1877 1281 1946 perfectio
1306 1878 1373 1946 legis
1398 1878 1522 1931 tinnienti.
1549 1876 1621 1931 liene
1639 1892 1704 1948 ergo

61 1971 86 2017 et
105 1965 174 2017 ticet
196 1978 280 2031 uqntu
303 1978 390 2015 curum
410 1963 531 2016 totidente
552 1979 579 2016 se
599 1963 655 2016 sine
676 1979 735 2018 eece
756 1964 793 2017 sie
814 1964 860 2017 ob·
912 1967 1017 2022 decima
1033 1968 1096 2023 ltoro
1112 1976 1244 2024 venerunt
1259 1968 1399 2033 discipuli,
1415 1979 1443 2021 ιιι
1459 1968 1624 2023 mansionem
1639 1968 1703 2023 lestt

63 2064 184 2108 notescet
200 2055 276 2124 (lsai.
292 2056 362 2124 ιιιι).
388 2054 421 2109 Et
441 2056 556 2110 iteruin:
579 2054 641 2125 lpse
661 2067 747 2110 auteur
771 2060 860 2111 unlne—
913 2058 1048 2124 riderent,
1072 2060 1133 2127 quia
1154 2060 1279 2132 ttirnirom
1295 2075 1405 2115 necesse
1420 2071 1478 2123 est,
1501 2068 1529 2113 ιιι
1551 2061 1595 2129 qui
1616 2061 1698 2115 ileum

63 2156 137 2199 retus
153 2156 190 2199 est
208 2157 315 2214 propter
331 2155 435 2217 peccota
452 2156 551 2211 nostro,
572 2159 596 2202 et
616 2149 695 2202 littere
707 2151 763 2220 ejus
775 2150 863 2204 sottnti
915 2149 1004 2204 videre
1018 2151 1165 2219 desiderat,
1179 2152 1225 2207 Dei
1241 2167 1271 2207 se
1285 2152 1419 2206 mendatis
1435 2153 1571 2208 ltomiliter
1585 2154 1703 2221 subdnt;

64 2251 163 2289 untur.
913 2243 1012 2313 quique
1028 2244 1086 2298 luce.
1100 2244 1199 2297 diriore
1213 2244 1452 2313 contemplationis
1467 2246 1635 2313 postmodum
1653 2247 1704 2300 lrtti

101 2327 135 2382 et
153 2331 292 2383 audierunt
314 2345 372 2383 eunt
393 2331 444 2384 duo
463 2331 587 2401 discipuli
607 2332 770 2402 loquentem,
789 2340 865 2387 ette—
915 2334 1033 2401 appetit,
1059 2335 1146 2398 prius,
1163 2335 1308 2404 adiurante
1324 2333 1450 2399 Domino,
1466 2335 1622 2405 decalogum
1639 2337 1706 2405 legis

65 2424 118 2476 cati
137 2433 198 2477 runt
219 2421 320 2477 tennn.
345 2421 542 2479 'testinnonium
563 2424 724 2494 perhibente
743 2424 863 2491 leonine,
916 2439 964 2492 per
978 2439 1059 2492 opera
1076 2424 1155 2490 lucis,
1170 2426 1246 2493 quasi
1262 2426 1356 2480 decem
1381 2426 1463 2481 boras
1486 2426 1539 2482 diei
1564 2430 1621 2481 sole
1645 2430 1706 2481 illn-

65 2513 127 2582 quia
143 2513 222 2568 lesus
242 2523 315 2569 esset
331 2515 423 2583 Agnus
440 2514 499 2581 liei,
523 2518 609 2570 secuti
625 2525 689 2570 suot
713 2516 787 2569 illum
810 2516 865 2570 duo
917 2522 1032 2580 strante,
1047 2516 1192 2583 compleat.
1217 2515 1252 2569 lit
1267 2517 1304 2569 illi
1320 2517 1429 2586 quidem
1445 2518 1489 2571 die
1504 2518 1549 2571 illo
1566 2528 1707 2572 manentes

65 2605 201 2674 discipuli,
216 2605 302 2675 magis
317 2604 503 2660 desiderantes
526 2607 559 2660 ab
575 2608 634 2677 ipso
648 2607 725 2670 lesu,
746 2621 826 2677 quam
850 2621 864 2659 a
915 2603 986 2672 apud
1009 2604 1170 2668 Dominum,
1199 2605 1353 2661 felicissima
1379 2608 1499 2662 ueritatis
1524 2608 1708 2676 speculatione

65 2710 237 2765 precursore
254 2697 325 2753 illius
341 2697 452 2751 rerbum
467 2697 562 2768 gratiss
587 2699 742 2766 percipere,
764 2711 819 2767 quo
839 2705 866 2751 et
917 2709 1059 2764 vesperam
1075 2699 1278 2763 exspectabant.
1305 2699 1340 2753 ttt
1354 2699 1420 2754 sero
1435 2712 1530 2753 omnes
1550 2698 1628 2754 electi
1648 2709 1709 2766 port

65 2789 117 2858 ipsi
139 2799 313 2844 mererentur
334 2790 361 2845 io
383 2803 513 2859 agnorum
534 2788 581 2843 liei
605 2799 679 2843 sorte
700 2788 863 2857 computari.
915 2799 1027 2853 opernm
1043 2788 1174 2842 bonorum
1197 2787 1409 2856 perlectionem,
1434 2797 1496 2857 post
1516 2788 1625 2855 impleta
1643 2790 1709 2860 leqis

65 2881 138 2936 iletre
161 2892 253 2935 antem
277 2881 331 2935 deo
346 2880 472 2950 discipuli
488 2889 551 2934 sunt
566 2880 684 2946 intenti,
709 2881 754 2948 qui
772 2881 865 2934 botni-
917 2878 965 2934 lici
981 2891 1126 2949 precepta,
1140 2890 1297 2949 perpetuum
1309 2890 1336 2936 et
1348 2882 1412 2936 nulli
1425 2881 1470 2936 lini
1481 2881 1624 2936 obnoxium
1635 2883 1706 2937 diem

65 2987 130 3026 num
155 2971 237 3042 primi
258 2978 458 3041 sequerentur,
492 2981 521 3025 ut
550 2971 631 3024 etiam
655 2970 768 3040 mystice
791 2968 865 3024 desi·
917 2972 1231 3035 suntcumilloncturl,
1252 2971 1342 3036 illum,
1365 2971 1707 3040 videlicet,quetnritlere

65 3073 181 3136 qnarcnt
210 3078 307 3118 omnes
339 3062 384 3133 qui
417 3063 491 3116 illum
523 3062 643 3130 perlecto
672 3063 1074 3154 sequerentur,cdesideraos
1094 3064 1225 3133 propbeta
1245 3065 1390 3119 cantabat:
1409 3064 1478 3131 Quia
1498 3065 1708 3121 meliorestdirs

65 3156 174 3227 gemina
195 3152 341 3208 dilectione
364 3154 477 3207 devotos
497 3167 558 3208 esse
579 3152 700 3218 (lebete,
731 3155 782 3208 ltoc
802 3161 864 3219 est,
921 3168 973 3205 orto
989 3152 1015 3206 in
1031 3152 1104 3208 ntriit
1118 3155 1170 3208 tuis
1184 3168 1263 3222 super
1276 3154 1368 3206 millio.

65 3255 92 3299 et
106 3243 231 3314 ejusdem
246 3244 288 3298 sui
304 3243 494 3314 lledenrptnris
508 3254 535 3299 et
551 3243 665 3300 teatrum
678 3244 759 3300 simul
772 3259 866 3302 amore
953 3261 1017 3316 pm
1031 3274 1117 3316 amm
1132 3265 1260 3328 mmm,
1276 3264 1356 3334 qm,
1371 3263 1486 3320 gemm,
1502 3265 1584 3330 pem,
1597 3230 1663 3321 qm„
1677 3283 1708 3321 ρ,

65 3343 224 3410 mmm·
667 3400 669 3402 .
917 3352 1018 3408 duobus
1031 3354 1076 3422 qui
1090 3356 1226 3410 audierunt
1241 3372 1256 3408 e
1269 3353 1380 3421 laoniae,
1394 3366 1417 3410 et
1432 3358 1512 3410 secuti
1526 3360 1628 3426 sonunt
1641 3374 1709 3412 eunt.

102 3432 249 3489 C⁰ll¹lff⁸¹l⁸
268 3442 353 3487 “llum
363 3431 453 3500 smil·
473 3444 497 3487 ‘2
514 3433 603 3488 ”idm
622 3450 665 3489 ³⁰⁸
683 3444 813 3504 “libelliss
828 3451 865 3502 te,
918 3442 1019 3498 inuenit
1030 3445 1071 3498 bic
1083 3447 1193 3512 primunt
1205 3446 1311 3512 fratrent
1322 3463 1398 3500 tuum
1408 3447 1549 3514 Simonem,
1562 3460 1585 3502 et
1596 3450 1659 3501 dicii
1669 3449 1711 3504 eit

65 3526 130 3580 dicit
151 3527 211 3580 eis:
236 3525 307 3592 Quiri
329 3526 469 3596 queritis?
495 3527 553 3582 Non
570 3530 655 3596 potuit
671 3527 796 3599 ignorare
812 3529 867 3584 bo·
918 3532 1068 3588 invenimus
1081 3534 1292 3602 etenimquod
1304 3547 1340 3590 etr
1357 3538 1550 3606 interpretatum
1567 3537 1707 3594 Contsros.

66 3621 174 3685 tainus,
188 3619 254 3689 quid
270 3627 415 3690 sequentes
437 3634 467 3675 se
487 3620 612 3690 discipuli
631 3620 742 3677 loannis
758 3637 866 3692 quaere·
919 3624 953 3676 lt't
967 3624 1076 3678 oddonit
1091 3641 1149 3679 eunt
1162 3627 1196 3678 etl
1210 3623 1309 3679 lerum.
1334 3626 1457 3680 Andreas
1472 3627 1613 3680 Durninum
1629 3643 1708 3696 quem

66 3722 141 3778 rent,
158 3713 208 3767 sed
224 3712 250 3765 in
266 3713 385 3780 eoquod
400 3712 433 3766 ad
450 3713 510 3767 illos
526 3726 555 3767 se
569 3725 714 3782 sequentes
728 3714 867 3769 converti·
920 3712 1033 3780 inuenit,
1048 3713 1129 3768 etiam
1143 3712 1218 3767 tratri
1234 3713 1336 3768 Simoni
1351 3714 1516 3782 sequendum
1530 3716 1708 3784 evangelizat,

67 3815 126 3868 tnr,
139 3805 211 3874 quod
228 3807 286 3875 ipse
299 3807 374 3875 prior
385 3805 448 3876 quid
463 3814 614 3876 quaererent
627 3807 785 3877 interrogat,
796 3807 867 3875 qnod
918 3806 979 3876 quis
993 3805 1043 3860 boc
1054 3815 1095 3862 est
1109 3821 1172 3861 sere
1185 3807 1325 3860 botrrinttm
1340 3807 1473 3872 invenire,
1486 3822 1547 3861 turn
1559 3806 1624 3879 [dl.,
1637 3807 1712 3881 tere}

66 3897 116 3951 dat
138 3897 181 3951 eis
205 3897 332 3951 fiduciam
353 3895 741 3970 qtnr·que[dl.,quncunquel
766 3897 869 3950 uellent
922 3897 994 3954 illios
1019 3897 1165 3952 dilectione
1190 3897 1314 3962 lettere,
1339 3897 1464 3953 lratcroce
1489 3914 1595 3969 quoque
1617 3902 1712 3955 salutis
1760 3939 1762 3942 ψ

68 3988 206 4059 rogandi,
224 3988 366 4043 manifeste
381 3990 510 4052 innotuit,
532 3997 660 4056 quantum
677 3988 754 4043 bunis
769 3988 869 4043 nostris
921 4004 1014 4045 cnrarn
1031 4004 1135 4060 gerere.
1158 3988 1205 4044 llle
1220 3991 1292 4045 enim
1309 3989 1427 4059 perfecte
1441 3991 1593 4046 conditoris
1606 3993 1647 4046 sui
1661 3992 1712 4047 du·

68 4080 171 4134 studiis
193 4079 353 4143 delectetur,
380 4093 458 4148 quam
485 4078 599 4133 libenter
614 4079 663 4134 itcr
679 4080 801 4134 ueritatis
826 4080 869 4135 in·
919 4089 1009 4132 catum
1025 4077 1157 4148 sequitur,
1174 4077 1219 4148 qni
1235 4078 1315 4133 etiarn
1332 4079 1455 4146 proximi,
1476 4092 1604 4150 quantum
1621 4084 1712 4146 salet,

69 4171 238 4226 choantibus
253 4172 308 4240 ipse
321 4171 452 4226 auxilium
469 4171 570 4227 laturus
585 4181 717 4227 occurrat.

110 4263 164 4330 Qui
184 4263 306 4317 dicerunt
326 4264 369 4317 et':
392 4262 490 4329 llobbi,
511 4263 579 4332 qood
598 4263 692 4316 dicitur
712 4262 869 4329 interpretu-

70 4365 156 4408 teteru
177 4354 333 4418 lltctsren,
356 4355 398 4408 nbi
420 4353 543 4408 babituri
561 4351 694 4407 Nolebant
715 4352 869 4407 transitorie

920 4166 1022 4223 habere
1036 4167 1193 4220 cnrnitatum
1210 4167 1313 4221 nititur.
1338 4167 1504 4234 lnoanimnr,
1525 4169 1626 4237 inquit,
1643 4168 1714 4225 lies·

919 4263 995 4325 rium,
1007 4262 1076 4330 quoti
1088 4268 1124 4314 est
1137 4261 1331 4329 interpretatum
1354 4260 1496 4315 Cuntsros.
1517 4261 1628 4316 blessios
1640 4261 1711 4316 idern

920 4354 1054 4422 estquod
1080 4350 1217 4417 Cltristtts,·
1243 4352 1289 4406 sed
1314 4349 1425 4405 Messius
1450 4352 1712 4418 llebraeosermonc‚

74 4449 234 4519 magisterio
249 4447 369 4503 iteritatis
383 4447 499 4517 pertrui,
520 4448 566 4503 sed
582 4446 749 4501 mansionem
767 4446 865 4513 potius,
882 4439 1040 4503 DCltristur
1054 4441 1153 4499 dicitur
1167 4442 1272 4509 Graeco,
1297 4442 1391 4495 Latine
1412 4451 1500 4497 autent
1516 4451 1608 4495 unctes
1630 4443 1714 4496 inter-

73 4540 100 4594 in
124 4555 176 4610 quo
202 4537 355 4602 lrrtbitnrct,
379 4537 572 4607 inquirebanl;
599 4544 733 4606 qnatenus
756 4545 783 4591 et
806 4544 869 4591 tunc

75 4633 187 4687 liberius
213 4632 240 4685 io
266 4638 372 4687 secreto
390 4630 480 4685 serbis
502 4628 572 4684 illius
595 4628 699 4695 imbui,
724 4637 752 4683 et
773 4628 869 4683 exinde

74 4728 175 4796 saepius
205 4740 266 4780 eurn
296 4732 408 4794 possent
434 4724 544 4779 risione
573 4723 680 4792 plenius
708 4720 866 4776 instruendi.

76 4818 152 4876 Unde
173 4826 201 4872 et
226 4817 300 4885 ipse,
320 4818 381 4884 qnia
397 4816 457 4870 illos
472 4815 540 4870 bene
557 4822 691 4884 petentes,
707 4822 869 4880 querentes,

76 4913 215 4981 pulsantes
237 4909 320 4975 sidit,
345 4909 432 4963 libens
451 4907 491 4962 eis
510 4905 685 4962 secretarium
705 4904 747 4958 stri
768 4919 872 4960 resera·

77 5001 111 5054 rit
126 5001 240 5066 arcani,
268 5013 368 5069 eosque
385 4999 558 5053 introducens
573 4996 694 5052 reritntis
708 4997 872 5067 evangelice

75 5093 257 5154 rudimentis,
280 5090 542 5159 quaedcsiderabant
563 5087 716 5145 illustrarit.
740 5088 808 5143 llam
828 5103 873 5145 se·

74 5185 186 5253 quitor:
679 5230 683 5240 ,
743 5237 746 5243 ,

112 5279 182 5331 llicit
195 5278 250 5332 ris:
262 5276 353 5331 Venite
370 5287 393 5331 et
406 5277 495 5332 uidete.
516 5273 666 5346 Stot'mqttc
686 5274 872 5345 subjungitur:

78 5369 212 5424 Verrcrunt
226 5378 251 5421 et
265 5369 381 5422 ciderunt
398 5369 441 5421 ubi
455 5376 584 5431 moneret,
600 5376 624 5421 et
640 5367 711 5431 opud
725 5382 783 5420 eunt
799 5381 875 5418 rnen·
902 5365 906 5373 '

74 5471 163 5514 rerunt
178 5461 221 5513 die
236 5459 293 5514 ille.
310 5459 386 5525 Quod
402 5460 424 5513 si
440 5459 536 5513 altiore
549 5473 629 5513 sensu
646 5459 711 5513 libel
725 5459 871 5527 inspicere,

74 5552 139 5619 quiri
157 5550 238 5605 trolris
253 5551 387 5620 agendum
411 5550 547 5604 insinuent
559 5550 682 5620 discipuli
705 5550 731 5603 in
751 5564 785 5604 co
799 5547 871 5619 quod

75 5643 109 5695 ad
135 5639 285 5698 bominum
309 5642 418 5712 quidem
444 5641 627 5698 ambulantem
645 5650 799 5707 uenerunt3
826 5642 873 5698 sed

77 5731 166 5790 locuto
178 5733 311 5792 continuo
325 5734 370 5792 ubi
385 5734 519 5794 babitaret
533 5735 714 5808 inquirebant,
728 5734 876 5794 admonent

922 4542 1053 4603 pretatur.
1081 4533 1157 4590 Unde
1182 4545 1208 4590 et
1231 4535 1344 4588 cltrisrne
1367 4534 1482 4601 Graece,
1509 4534 1602 4590 Latine
1625 4536 1713 4587 ttttrtio

921 4625 1031 4681 dicitur.
1057 4623 1182 4681 Cltristus
1197 4637 1303 4693 autem,
1323 4625 1423 4690 idest,
1443 4636 1549 4691 erictus,
1566 4626 1715 4694 appellatur

921 4721 1062 4788 Dominus,
1085 4723 1159 4791 quin,
1180 4721 1250 4776 sicul
1271 4721 1366 4778 Petrus
1384 4720 1442 4785 sit,
1464 4719 1545 4774 linxit
1564 4735 1622 4774 eum
1644 4719 1715 4774 Deus

923 4812 1025 4882 Spiritu
1038 4821 1126 4865 sancte
1145 4823 1169 4866 et
1184 4812 1277 4866 uirtute
1293 4813 1363 4878 (det.
1379 4813 1418 4879 tt).
1445 4810 1522 4867 Unde
1541 4810 1621 4866 etiarn
1642 4810 1716 4866 Psal-

923 4903 1002 4958 mista
1025 4902 1052 4957 io
1075 4903 1135 4971 ejus
1158 4903 1236 4957 laude
1257 4903 1397 4971 loquitur:
1414 4900 1493 4955 linuit
1513 4900 1632 4963 rebeus,
1648 4901 1716 4958 bertr

923 5005 992 5061 tune,
1012 4995 1068 5048 oleo
1091 4994 1188 5047 letitie
1208 5009 1261 5059 proe
1281 4992 1442 5046 consortibus
1463 4993 1512 5046 tais
1528 4991 1616 5062 (Ptol.
1632 4994 1716 5062 retr).

924 5084 1072 5139 Consentes
1083 5092 1172 5138 autern
1186 5082 1247 5153 ejus
1263 5097 1312 5136 ttns
1323 5093 1411 5149 rocat,
1424 5082 1469 5151 qni
1484 5082 1517 5136 ad
1532 5083 1717 5152 accipiendam

926 5174 1044 5246 Spiritus
1055 5177 1141 5230 sancti
1156 5176 1269 5244 gratiam
1285 5173 1311 5229 in
1327 5173 1461 5242 baptismo
1477 5174 1558 5228 etism
1572 5174 1717 5227 chrismate

930 5270 1031 5323 risibili·
1042 5270 1231 5340 perrrrtgtnmr,
1253 5276 1280 5322 et
1299 5283 1313 5321 a
1329 5265 1428 5321 Cltristi
1450 5266 1559 5320 nomine
1571 5265 1716 5320 Christiani

926 5374 1062 5413 tucamur.
1086 5360 1139 5414 Sed
1153 5360 1196 5413 ille
1212 5374 1267 5428 pre
1282 5358 1451 5412 consortibus
1467 5367 1563 5411 unctus
1577 5365 1637 5415 est,
1661 5354 1715 5416 etti,

925 5456 995 5510 sicut
1009 5452 1127 5507 loannes
1143 5450 1261 5516 Baptista
1281 5457 1404 5513 testatur,
1429 5463 1483 5502 non
1507 5448 1539 5500 ad
1563 5458 1716 5498 mensuram

925 5547 972 5602 dot
992 5544 1063 5600 Deus
1086 5543 1222 5612 spiritum,
1243 5542 1291 5597 sed
1309 5543 1399 5596 omnia
1416 5540 1490 5594 dedit
1508 5540 1533 5592 in
1551 5552 1631 5591 manu
1646 5536 1713 5603 ejus.

926 5639 992 5695 Nam
1006 5640 1039 5692 de
1052 5635 1226 5692 consortibus
1241 5635 1362 5705 ejusdem
1378 5633 1512 5688 unctionis
1525 5632 1589 5685 dicit
1601 5631 1713 5698 Aposto·

926 5733 986 5791 lus:
1004 5729 1146 5801 Unicuique
1159 5739 1245 5785 nutent
1260 5739 1374 5785 nostruin
1389 5729 1451 5785 duta
1468 5735 1506 5782 ert
1525 5725 1609 5796 erotis
1622 5739 1716 5780 ιιιιιιι·
