3802 6126
136 296 207 358 idid
737 301 836 360 suet.
857 300 889 359 li.
910 304 1192 366 tituttitutmaa.
1707 322 1773 378 tutu

780 417 897 475 uuttto
916 418 1150 479 cutouruttStS.

137 516 200 563 runt
211 515 287 577 quista
301 505 435 563 ciuitatem
456 507 483 563 in
503 506 621 574 basilica,
646 508 794 566 liescnatcs
823 512 927 570 Sosium
943 518 1063 579 Actum,
1088 517 1216 585 quicum
1240 530 1397 586 suspensum
1422 519 1526 578 lortitcr
1552 527 1697 594 torqueret.
1721 528 1773 596 Qut

137 613 215 668 arque
230 599 256 654 iu
277 597 399 667 basilica,
415 597 551 654 Puteolani
581 600 722 656 Proculum
746 601 882 673 Euryclea
903 613 931 657 et
980 609 1059 663 etiarn
1072 607 1151 678 jirssit
1169 608 1292 665 Faustam
1307 610 1418 675 nudam,
1429 620 1457 666 et
1475 614 1533 669 sine
1551 614 1664 671 matorte
1677 617 1770 684 liagel-

136 692 288 758 tonantum,
302 693 379 761 iuxta
394 692 529 747 basilicam
551 694 635 749 sancti
658 694 798 764 Stephani.
823 693 929 750 Festom
982 699 1072 764 latam,
1085 700 1372 771 incarceratam,caput
1384 703 1522 772 terebrari,
1535 718 1566 760 ac
1577 705 1671 760 oculos
1685 706 1769 777 inligi,

136 794 164 842 et
178 776 544 839 desiderium‘Deuereutani
564 785 709 856 collegere.
733 786 761 840 ln
788 786 929 841 Palestina
980 792 1022 847 eni
1036 792 1202 860 postmodum
1224 808 1276 847 non
1297 793 1382 846 solum
1405 803 1534 863 caputet
1558 794 1651 861 iacies,
1674 798 1721 852 sed
1745 806 1773 853 et

136 885 290 932 sanctorum
306 874 377 930 Pelei
399 883 427 931 et
448 875 499 930 Nili
519 875 715 946 episcoporum,
738 877 783 946 qui
803 891 930 946 persecu·
982 893 1112 954 pectuset
1124 895 1207 940 totum
1232 900 1329 955 corpus
1342 901 1425 956 usqne
1439 887 1471 940 ad
1488 887 1566 944 tibias
1580 887 1772 956 elarisimple-

137 969 211 1026 tione
236 967 392 1023 Diocletiani
422 968 624 1039 complurimis
649 969 755 1025 clericis
780 968 841 1040 igne
867 984 930 1025 cort·
981 985 1037 1030 turri
1047 986 1098 1033 cst.
1114 976 1177 1031 Post
1191 976 1248 1032 liaec
1261 980 1422 1046 sartaginem
1443 977 1523 1048 jussit
1545 980 1633 1049 igniri,
1647 979 1693 1034 sed
1716 979 1773 1033 bac

135 1058 236 1128 sumpti
249 1069 311 1114 sunt
327 1073 374 1126 pro
392 1055 511 1114 Christo.
526 1058 602 1127 aput
617 1059 757 1116 Nuceriam
777 1069 930 1114 sanctorum
982 1068 1112 1136 psallente
1124 1068 1168 1122 illa
1184 1069 1315 1138 refriguit.
1333 1068 1395 1124 lime
1409 1070 1587 1125 interveniens
1600 1086 1649 1125 roa
1661 1070 1774 1126 decurio

137 1150 235 1207 retius
253 1159 280 1205 et
303 1149 478 1217 Constamio,
504 1151 549 1219 qut
572 1152 623 1206 sub
647 1151 752 1205 Nerone
767 1152 837 1219 narsi
856 1158 928 1206 soria.
981 1159 1089 1215 vocarit
1102 1174 1160 1223 eos,
1175 1168 1203 1214 et
1221 1161 1260 1215 sio
1275 1160 1435 1215 tradiderunt
1452 1161 1584 1229 spirtum.
1602 1162 1670 1222 Enii
1682 1174 1772 1217 autem

135 1239 270 1310 lingonas
295 1240 386 1310 Sigoni
406 1239 565 1310 presbyteri,
586 1250 614 1296 et
628 1240 755 1297 Florentii
774 1243 892 1312 episcopi
904 1252 930 1298 ct
981 1249 1078 1307 Fausta
1099 1265 1231 1306 annorum
1255 1250 1395 1315 tredecim,
1418 1261 1444 1306 et
1470 1252 1599 1321 Ejolasias
1624 1259 1770 1325 octoginta.

136 1335 278 1405 meritiis.
292 1341 319 1388 et
334 1332 422 1389 natale
436 1333 520 1387 sancti
541 1331 689 1401 Eustachii.
980 1341 1014 1398 Et
1028 1340 1114 1409 vigilis
1133 1341 1216 1395 sancti
1237 1339 1353 1394 llattbaei
1368 1340 1493 1409 apostoli.

171 1424 205 1479 D.
219 1422 266 1480 Nil
290 1422 410 1480 Naisso.
423 1423 490 1480 Der.
503 1453 537 1464 -
557 1423 585 1478 ln
604 1423 703 1496 Cyzico
716 1425 804 1481 natale
823 1424 927 1482 Fausta
1017 1432 1306 1491 tertullianum.
1322 1463 1357 1475 -
1374 1432 1468 1489 Natale
1481 1435 1564 1490 sancti
1580 1435 1695 1492 blattiiaci
1709 1452 1774 1507 spo·

135 1515 255 1586 uirginis,
266 1524 293 1570 et
304 1514 413 1585 Ejulasii
424 1516 475 1571 sub
488 1515 647 1571 Nirimiann
660 1517 831 1585 imperatore,
843 1532 923 1586 qnam
980 1524 1042 1581 stoli
1055 1537 1082 1580 et
1096 1526 1280 1595 euangelistae,
1300 1525 1344 1592 qui
1361 1525 1462 1594 primus
1484 1527 1511 1580 in
1534 1526 1626 1583 ludica
1652 1529 1773 1601 Drange.

136 1605 207 1662 idem
226 1605 368 1676 agitastis,
384 1621 444 1661 con
457 1614 529 1662 essai
550 1604 650 1676 prinus
665 1607 765 1676 palatii.
785 1606 865 1676 iussit
878 1607 927 1663 de·
980 1616 1045 1672 ttom
1060 1615 1159 1672 curtsu
1176 1616 1425 1672 usurariorum
1446 1621 1615 1689 conscripsti.
1634 1620 1699 1675 Pulsi
1713 1637 1776 1677 iero

134 1698 245 1765 uitari,
267 1705 296 1754 ei
321 1697 379 1753 radi
402 1698 435 1752 dd
455 1697 657 1768 turpitudinem.
674 1698 735 1753 dein
759 1699 883 1768 suspendi
899 1714 930 1753 ac
981 1706 1050 1775 apud
1064 1705 1225 1774 AEtliiopiam
1243 1707 1408 1775 pradicant,
1422 1718 1449 1763 et
1462 1710 1558 1763 multos
1567 1709 1601 1765 ad
1614 1708 1693 1766 utoni
1707 1725 1775 1766 con·

136 1788 268 1858 torqueri.
291 1788 351 1855 Quo
365 1799 486 1856 tempore
498 1790 649 1844 coruscatio
671 1789 705 1844 de
731 1791 807 1846 coelis
833 1790 930 1844 inultos
982 1795 1079 1850 restiti
1101 1796 1251 1864 missusque
1265 1807 1307 1851 cst
1322 1796 1467 1863 spiculator
1477 1796 1512 1850 ab
1523 1796 1629 1852 liirtaeo
1642 1812 1714 1868 rege,
1728 1800 1775 1867 qni

137 1882 320 1938 ministrorum
345 1882 485 1951 percussit.
508 1881 609 1938 Deinde
621 1881 702 1950 jussit
715 1881 817 1939 loculos
830 1881 930 1947 aii-cri,
948 1870 1043 1940 Derim
1064 1884 1151 1954 gladio
1171 1885 1281 1940 leriebat
1294 1884 1414 1940 eliciens
1429 1894 1572 1956 martyrem
1587 1887 1686 1943 Christi
1701 1905 1709 1942 a
1724 1903 1775 1944 cu·

134 1979 163 2028 et
177 1987 235 2027 eain
250 1973 394 2029 immissum
409 1986 440 2028 ac
455 1974 545 2042 liram,
560 1972 634 2042 quasi
650 1973 750 2044 lignum
769 1973 854 2028 secari
870 1987 927 2028 nie·
980 1979 1024 2045 jus
1039 1976 1210 2045 Evangeliom
1226 1976 1295 2046 stylo
1311 1975 1450 2044 scripturn,
1476 1976 1587 2032 liebraeo
1611 1977 1669 2047 ipso
1695 1991 1774 2033 reve-

134 2067 206 2123 diam
220 2087 227 2122 :
239 2069 286 2125 sed
300 2084 354 2124 nain
365 2085 424 2124 eam
435 2069 575 2126 carnilices
591 2070 669 2125 ferris
683 2069 783 2126 ledere
796 2071 927 2125 valebant.
983 2066 1065 2132 lante,
1087 2077 1207 2137 tempore
1228 2066 1395 2135 imperatoris
1410 2066 1548 2136 canusiam
1567 2067 1703 2122 iuremum
1721 2077 1773 2124 est.

135 2159 207 2217 later
221 2175 281 2230 quae
296 2170 407 2230 stupens
433 2160 565 2232 iljulasius
583 2159 691 2217 curtim
704 2161 815 2217 credere
834 2161 925 2226 coepit.
1017 2158 1049 2214 l'.
1066 2158 1087 2212 ll
1102 2158 1221 2214 liutem.
1236 2160 1303 2213 Der.
1318 2188 1353 2200 -
1375 2157 1404 2212 ln
1419 2159 1503 2214 Gallia
1524 2161 1630 2215 civitate
1654 2160 1773 2224 celim,

136 2250 169 2305 [lt
193 2250 244 2308 troc
265 2251 310 2309 ubi
326 2253 478 2323 imperatori
505 2253 654 2309 nuntiatum
672 2261 724 2321 est,
746 2250 818 2307 misit
831 2250 928 2322 practe-
983 2248 1043 2303 loco
1066 2251 1189 2320 ltgaimo,
1211 2250 1300 2305 natale
1314 2262 1466 2305 sanctorum
1481 2259 1627 2319 martyrum
1648 2249 1776 2306 Tbebeo·

759 2363 873 2419 uuttto
893 2359 1149 2418 uotutttuttua.

132 2485 198 2531 runt
219 2489 303 2543 quare
323 2474 387 2544 justi
410 2475 567 2544 juberentur
587 2473 671 2531 occidi
686 2489 695 2532 τ
709 2489 775 2546 quos
795 2475 875 2545 juiler
900 2484 929 2531 ut
980 2470 1088 2528 fortiter
1102 2482 1248 2540 torqueret.
1264 2472 1314 2540 Qui
1336 2472 1416 2528 etiam
1437 2474 1514 2544 iussit
1529 2475 1655 2530 Farrstam
1675 2475 1772 2530 oudam

132 2565 201 2620 ridlt
215 2564 381 2621 Christianos
393 2564 475 2636 jussit
488 2563 617 2622 decollari
633 2581 695 2621 cum
716 2566 778 2622 iliis.
804 2566 849 2622 Sic
871 2580 929 2620 om·
979 2576 1006 2622 et
1028 2568 1087 2620 sine
1110 2578 1229 2622 mavorte
1252 2564 1544 2639 [autumatione]
1565 2567 1642 2621 edrici
1663 2568 1696 2622 de
1714 2582 1774 2622 car·

133 2671 183 2713 nea
194 2667 298 2726 septem
314 2655 414 2727 pariter
426 2667 490 2713 suut
500 2657 633 2714 decollati.
651 2657 684 2712 Dt
708 2658 825 2713 unierunt
849 2667 928 2711 nocto
979 2672 1051 2723 cere,
1066 2665 1093 2712 ct
1105 2657 1129 2711 ei
1139 2665 1220 2726 caput
1230 2657 1358 2712 terebrari
1373 2671 1405 2712 ac
1418 2657 1501 2712 clavis
1514 2657 1619 2725 coani.
1635 2657 1683 2712 Coi
1697 2667 1772 2725 post·

132 2761 245 2818 corpora
261 2747 422 2813 Christiani3
437 2757 465 2803 et
479 2747 647 2818 Neapolitani
662 2748 815 2805 ianuarium
832 2764 929 2818 posue·
981 2750 1088 2804 modom
1111 2762 1163 2802 non
1187 2748 1273 2802 solum
1292 2759 1381 2817 caput,
1407 2757 1435 2804 et
1458 2746 1551 2812 iacies,
1574 2749 1621 2803 aed
1639 2757 1666 2804 et
1682 2757 1775 2817 pectus

133 2847 197 2895 rant
215 2839 291 2908 juxta
314 2840 447 2895 civitatem
474 2839 502 2895 is
525 2840 644 2906 basilica,
660 2840 807 2895 lietenates
822 2841 927 2894 Sosium
980 2848 1008 2894 et
1025 2849 1107 2893 totum
1123 2852 1220 2907 corpus
1235 2836 1365 2906 usquead
1382 2837 1461 2893 tibias
1473 2839 1556 2893 elaris
1569 2839 1706 2907 impletum
1721 2847 1772 2895 est.

131 2945 210 3001 eque
228 2932 255 2985 in
279 2932 397 2998 basilica,
413 2931 553 2986 Puteolani
568 2931 711 2987 Proculum
728 2939 755 2986 et
771 2932 927 3002 Eirtyceuun
981 2930 1044 2985 Post
1060 2931 1119 2986 liare
1133 2931 1294 3002 sartiginem
1307 2930 1388 3001 jussit
1400 2931 1476 3000 igniri
1492 2947 1499 2987 :
1515 2931 1561 2986 sed
1576 2930 1632 2985 ltaec
1644 2932 1688 2986 illa
1705 2932 1775 2999 psal·

132 3030 161 3078 et
173 3023 297 3077 Aeolium
311 3022 338 3078 in
353 3022 459 3078 basilica
474 3022 504 3078 S.
518 3023 660 3093 Stephani,
677 3021 785 3079 Festum
805 3032 834 3079 et
852 3022 928 3078 Dcsi·
980 3023 1051 3077 lente
1067 3020 1197 3091 refriguit.
1216 3022 1279 3078 lires
1294 3024 1363 3077 inter
1375 3024 1487 3076 ueniens
1499 3038 1550 3076 ror
1561 3021 1595 3077 de
1608 3022 1678 3078 ccelo
1691 3036 1773 3077 roca-

131 3112 236 3169 derium
253 3113 433 3169 Beneuentani
447 3115 625 3183 collegerunt.
979 3114 1019 3169 rit
1030 3128 1077 3168 eos
1092 3124 1118 3168 et
1132 3115 1171 3168 sic
1188 3113 1357 3168 tradiderunt
1369 3115 1503 3181 spiritum.
1521 3112 1582 3166 Erat
1600 3122 1688 3166 autern
1701 3111 1772 3164 Fan·

168 3204 218 3259 Ιι.
235 3201 365 3258 Laetiense
379 3217 462 3271 usque
476 3205 508 3257 ad
525 3201 658 3256 Desiderio
670 3198 796 3257 convenit
809 3218 816 3254 ε
829 3199 927 3256 deinde
979 3210 1021 3258 sta
1036 3215 1168 3256 annorum
1185 3202 1313 3258 tredecim
1328 3199 1387 3275 [D.,
1402 3217 1456 3269 ιιι,
1473 3200 1517 3267 D,
1534 3199 1582 3274 ιιι]
1604 3209 1631 3256 et
1644 3200 1774 3257 Drilasius

131 3273 248 3328 iliorum
263 3273 343 3329 trium
358 3273 494 3343 subjungit
510 3275 628 3327 nomina.
691 3340 708 3353 ..
890 3342 895 3352 .
918 3342 924 3353 Ι
940 3301 963 3366 c
978 3294 1113 3365 (mosim
1128 3292 1175 3366 [γ.
1191 3291 1233 3357 (3⁹,
1251 3290 1325 3365 Lm·

169 3343 201 3397 V·
218 3344 249 3426 3³³
266 3342 308 3406 ⁰''
323 3345 358 3452 ιΕι
381 3344 468 3425 ΜΨΙΨ
487 3343 516 3398 ⁸·
537 3343 550 3372 ⁸
571 3339 927 3463 3⁰3¹?9h¹¹²,1v,3,⁰'',⁸,¹,“31
1015 3387 1046 3444 c,
1062 3386 1094 3442 u.
1111 3386 1143 3439 ι.
1160 3386 1191 3440 n.
1207 3385 1238 3439 ι.
1255 3387 1301 3447 ι,
1318 3385 1410 3452 tuguri
1429 3384 1458 3439 s.
1474 3382 1589 3437 trainam
1611 3380 1725 3451 aporiari
1746 3391 1773 3436 ei

130 3412 308 3478 demum&
357 3413 477 3467 mamm'
497 3410 748 3469 B'‘Tr⁰⁰¹⁸c'¹
789 3410 873 3480 ‘dp
891 3426 914 3466 ⁸¹
979 3458 1160 3526 euangelistae.
1184 3456 1226 3520 tt..
1251 3455 1279 3508 ln
1303 3454 1412 3509 Nuceria
1431 3457 1519 3508 natale
1542 3451 1772 3509 SS.⁴Feliciset

130 3483 215 3628 ψεῖ
230 3483 468 3627 Μξῑιεξὶδωρί’
567 3572 574 3585 .
979 3526 1125 3580 Corastantii
1142 3526 1209 3591 :qui
1238 3525 1309 3593 passi
1332 3533 1396 3579 sunt
1417 3524 1467 3579 sub
1487 3522 1594 3578 Nerone
1612 3522 1772 3592 impissimo

204 3599 268 3627 .-
376 3589 419 3628 ιι.
452 3573 479 3626 lu
512 3572 610 3643 Cyzico
644 3571 737 3628 natale
770 3579 925 3625 sanctornm
980 3594 1152 3663 mmm

131 3664 265 3718 ‘Faustae
285 3663 394 3735 virginis
408 3673 435 3717 et
449 3662 555 3717 liiilasii
570 3664 621 3718 sub
635 3662 799 3766 Maximiano
811 3663 926 3730 impera·
1013 3707 1060 3763 Ἠ.
1089 3736 1119 3748 -
1141 3706 1176 3763 X!
1201 3705 1268 3762 Ka·
1294 3705 1395 3762 mus
1415 3701 1773 3772 sneuam'aeiapmofiet

130 3765 189 3811 tore
206 3773 213 3809 τ
229 3771 308 3826 quam
336 3756 406 3812 idem
432 3755 572 3821 Drilasins,
596 3770 657 3811 cum
672 3763 745 3809 esset
758 3767 858 3823 primos
881 3767 925 3820 pa·
977 3799 1158 3868 museum·

130 3847 200 3912 latii,
214 3846 295 3915 jussit
308 3847 443 3902 decalvari
456 3857 482 3902 et
496 3846 553 3902 radi
568 3846 600 3901 ad
614 3845 816 3914 turpitudinem,
828 3841 927 3899 deinde
1014 3890 1107 3944 Florus
1122 3888 1254 3959 praeponit
1269 3888 1295 3944 in
1315 3889 1348 3944 A·
1362 3887 1393 3943 T·
1410 3887 1441 3942 L·
1458 3904 1466 3940 :
1480 3885 1508 3941 ¹„
1522 3883 1648 3945 pompa:
1664 3893 1691 3938 οι
1705 3883 1770 3937 quq.

129 3941 258 4010 suspendi
281 3954 313 3996 ac
338 3942 456 4011 torqueri
473 3959 479 3994 :
496 3955 550 4010 quo
572 3949 693 4010 ternpore
716 3938 865 3995 coruscatio
892 3938 927 3994 de
977 3978 1023 4037 ,un
1043 3982 1083 4036 ὴ·
1097 3981 1147 4048 Qui
1163 3992 1363 4037 ommam
1402 3980 1472 4035 'adio
1527 3979 1648 4034 muman
1672 3976 1705 4031 El
1724 3991 1770 4034 oe·

128 4032 206 4088 colis
231 4030 301 4086 lacta
325 4033 424 4087 multos
444 4032 629 4088 ministrorum
657 4032 799 4102 percussit.
825 4031 927 4086 Deinde
974 3997 985 4052 ¹
1025 3997 1040 4051 Β
1077 4023 1084 4036 ’
1329 3994 1345 4050 ¹3
1384 3996 1401 4050 Β
1493 3994 1525 4049 ¹³⁶

126 4124 206 4195 jussit
232 4125 336 4179 loculos
361 4124 451 4179 atierri
476 4133 504 4178 et
527 4139 585 4179 eam
611 4122 757 4178 immissam
782 4137 814 4176 ac
834 4123 926 4188 liram,
977 4071 1771 4229 ουζυιὶῗὲὴοέξιὸωῗῧῗῃῖίᾞἓζῗΐῖιξηῃῖῃῃέιΡΜ

128 4215 204 4284 qnasi
232 4213 332 4283 lignum
356 4215 442 4269 secari
467 4215 581 4270 merliam
603 4231 611 4268 τ
636 4213 684 4269 sed
707 4227 766 4268 eam
785 4211 926 4267 carnillces
977 4230 1006 4287 g,
1022 4232 1166 4286 Apuanpfq
1179 4233 1306 4302 episcopi,
1321 4231 1363 4292 Β..
1376 4231 1403 4285 q„
1419 4229 1567 4284 Mediolano
1581 4228 1669 4282 „ape
1682 4230 1711 4282 g,
1726 4225 1769 4279 qq.

129 4307 212 4361 serris
228 4305 327 4360 tatere
342 4321 394 4360 non
408 4306 541 4362 valebant.
558 4306 622 4371 Quae
638 4306 708 4361 inter
728 4311 839 4373 stupens
864 4304 925 4357 Evi-
977 4303 1059 4356 ctoris
1072 4302 1205 4373 martyris.

129 4397 212 4453 laaius
225 4398 332 4453 cbristo
345 4398 456 4454 eredere
477 4398 575 4469 empit;
591 4406 618 4451 et
638 4395 689 4451 hoc
703 4395 747 4450 ubi
771 4393 922 4463 imperatori
1010 4394 1057 4450 22.
1072 4392 1142 4448 -tl
1157 4390 1393 4448 litu.Sanctorum
1410 4386 1769 4461 martyrumslbebeornm

131 4489 283 4545 nuntiatum
297 4497 349 4558 est,
370 4490 441 4544 misit
456 4491 612 4562 protectum
628 4489 671 4558 qui
687 4501 747 4542 cum
763 4500 921 4556 suspensum
977 4484 1106 4552 Dauricii,
1128 4483 1250 4552 Candidi,
1266 4484 1390 4554 Exuperii
1405 4480 1555 4553 (Hucusque
1569 4480 1626 4546 ll.),
1641 4478 1770 4548 Victoris,

829 4601 933 4657 stttttt
953 4597 1070 4657 NOTAE.

164 4713 178 4741 ⁸
196 4703 338 4757 Eustocliii.
351 4703 440 4769 Quinti
453 4700 618 4756 Turonensis
630 4695 757 4766 episcopi.
780 4695 856 4750 llnnc
883 4694 920 4749 lc·
935 4696 1028 4764 npite
1057 4688 1119 4746 caesi
1144 4687 1300 4757 martyrium
1326 4686 1593 4738 consummaverunt.
1618 4674 1702 4731 Pers.
1731 4689 1767 4732 mr

127 4785 192 4829 runt
212 4773 358 4829 instituisse
382 4773 511 4828 ccclesiae
535 4769 679 4837 persicos,
701 4765 795 4828 Brixis,
819 4765 921 4818 icioilo·
975 4765 1079 4820 Nartt..
1097 4755 1216 4839 '¹¹¹¹i⁸⁶:
1366 4823 1372 4835 ι
1580 4818 1586 4830 ⁸
1647 4816 1654 4829 .

127 4859 210 4910 mm,
236 4845 354 4905 braccas,
381 4843 471 4898 Dolus.
497 4840 651 4898 AEdilreaiit
677 4839 756 4892 ctiam
780 4835 920 4891 ecclesiam
1012 4831 1167 4885 ·llattlroei.
1185 4826 1233 4882 llic
1248 4823 1450 4892 Evangeliorum
1464 4834 1539 4874 suam
1562 4819 1699 4872 instoriam
1715 4815 1768 4872 lle·

128 4915 197 4969 inira
212 4929 303 4968 mitras
317 4915 442 4978 ciuitatis,
459 4915 485 4967 in
500 4927 550 4981 qna
574 4909 700 4977 reliquias
725 4907 773 4963 SS.
797 4905 919 4960 Gerrasii
977 4904 1067 4959 braice
1088 4898 1207 4966 scripsit,
1230 4904 1258 4949 ut
1279 4901 1359 4976 patet¹
1376 4909 1407 4974 er
1423 4889 1531 4971 Euscbu
1548 4887 1619 4942 Eccl.
1637 4886 1704 4940 ilrst.
1726 4901 1765 4950 ut,

126 4994 156 5039 et
173 4984 285 5039 Protasii
301 4985 429 5046 condidit,
451 4997 510 5052 qum
532 4982 561 5038 S.
586 4981 697 5034 liartino
719 4977 753 5030 de
772 4977 844 5031 ltalia
860 4985 922 5029 sitiit
972 4974 1018 5028 ut.
1043 4972 1108 5026 Eum
1126 4979 1214 5024 autem
1231 4965 1270 5048 ‘ad
1287 4962 1450 5030 AEtlnopiam
1466 4974 1577 5041 missum
1590 4971 1656 5040 esse¹
1671 4968 1768 5038 auctpr

127 5053 236 5109 delatae.
253 5054 371 5109 interluit
385 5064 474 5108 autem
491 5052 604 5107 concilio
627 5049 762 5116 Analogia.
778 5061 841 5102 ann.
857 5044 919 5110 l55,
973 5052 1016 5099 est
1028 5042 1153 5096 Socrates
1166 5040 1192 5091 iu
1208 5035 1275 5090 lint.
1291 5050 1311 5096 ι,
1329 5033 1370 5085 tu.
1384 5032 1449 5113 Quae
1460 5029 1493 5083 de
1507 5043 1565 5093 ipso
1578 5027 1671 5109 scribit
1685 5026 1764 5081 Nice·

126 5133 155 5179 et
169 5125 276 5192 scripsit
288 5139 347 5178 cum
364 5123 452 5179 Leone
474 5129 502 5177 et
521 5121 640 5177 Victoria
664 5118 802 5186 epistolam
825 5123 919 5169 contra
973 5117 1074 5183 pirorus
1095 5125 1122 5172 rr,
1148 5107 1193 5170 dl,
1217 5115 1245 5158 ut
1267 5111 1447 5158 commentaria
1465 5107 1701 5166 pretermittimus.
1727 5097 1764 5152 De

127 5195 240 5249 clericos
253 5195 297 5264 qui
316 5194 349 5248 ad
365 5194 505 5247 tribunalia
521 5191 656 5246 sarcinaria
673 5187 853 5242 recurrebant.
868 5185 916 5238 Se·
971 5183 1031 5254 ejus
1045 5183 1168 5262 passione
1180 5177 1240 5229 viiic
1256 5176 1326 5228 Petr.
1341 5172 1374 5254 de
1386 5170 1473 5251 Natal.
1490 5184 1548 5232 arri,
1563 5170 1605 5250 ιθ.

127 5265 168 5319 dit
181 5277 271 5321 statem
286 5279 371 5318 annos
386 5265 419 5318 t'l
432 5273 459 5318 et
473 5266 601 5318 successit
621 5261 731 5314 Driecio.
746 5258 918 5323 sepultusque
1010 5251 1020 5291 ¹
1042 5252 1178 5306 Vriiceutn.
1204 5246 1323 5300 Nolanus
1345 5258 1371 5296 tn
1397 5241 1592 5295 Adilrtanieutts
1615 5237 1647 5291 ail
1666 5236 1763 5292 Usuar-

126 5345 169 5392 est
193 5338 218 5389 in
243 5337 352 5390 basilica
377 5350 455 5402 qnam
481 5334 598 5388 briccius
621 5344 702 5400 super
723 5327 753 5383 S.
778 5326 917 5380 ilartinum
971 5323 1035 5378 dum
1060 5319 1259 5400 translationem
1284 5315 1362 5381 liiijus
1389 5310 1472 5393 sancti
1497 5310 1575 5364 bodie
1590 5317 1674 5388 notat.
1699 5304 1764 5386 Ejus

127 5408 235 5462 stroxit.
248 5407 333 5463 Gneo.
347 5407 449 5460 roton.
465 5421 493 5467 ι,
508 5405 553 5459 bl.
970 5400 1041 5448 enim
1063 5391 1158 5444 rietatis
1172 5397 1214 5441 est
1229 5387 1287 5440 dies
1301 5399 1345 5439 riv
1366 5381 1438 5446 lolii,
1455 5396 1533 5448 qneiu
1557 5392 1680 5445 superius
1703 5376 1763 5430 uide

163 5478 176 5514 ¹³
193 5476 316 5531 Mariani.
332 5477 370 5531 De
382 5477 432 5529 boc
447 5476 506 5530 uide
518 5488 597 5544 supra
612 5487 627 5526 ι
642 5466 764 5538 Augusti.
970 5477 1095 5544 unacum
1116 5457 1259 5514 biabiliouii
1274 5472 1337 5510 saec.
1352 5467 1372 5507 ιι
1386 5453 1445 5508 bct.
1464 5452 1541 5518 Dein,
1557 5451 1601 5503 tibi
1625 5447 1684 5517 ejus
1703 5445 1762 5500 i'ita

164 5544 310 5602 ‘Frustra
334 5546 419 5602 Graeci
441 5546 466 5599 in
492 5542 641 5611 Ncnologio
661 5555 707 5596 eos
721 5539 811 5592 colunt
831 5534 916 5604 pridie
970 5534 1141 5587 describitur.

126 5616 216 5672 Nonas
226 5617 356 5673 ianuarii.
369 5616 514 5687 Descripsit
526 5629 619 5669 eorum
632 5616 697 5667 Acta
709 5609 803 5664 Surius
815 5615 880 5660 toni.
892 5606 912 5672 Ι,
1006 5607 1018 5646 ⁸
1033 5601 1202 5683 Tliebeorum.
1218 5596 1256 5651 De
1271 5595 1313 5678 liis
1324 5593 1384 5649 ride
1403 5593 1488 5647 visun
1501 5589 1536 5671 ab
1547 5584 1763 5669 Eucherio'irug·

127 5687 171 5743 die
186 5703 211 5739 ιι
227 5689 373 5743 Februarii.
970 5673 1084 5728 dunensi
1098 5683 1224 5738 episeopo
1237 5677 1365 5734 scriptam
1379 5675 1406 5719 et
1418 5678 1433 5716 a
1448 5663 1526 5715 Surio
1537 5669 1602 5714 uini.
1618 5659 1635 5712 ll
1650 5659 1761 5714 editam.

163 5755 297 5814 raeticis.
314 5758 364 5827 Qui
379 5755 449 5828 apud
463 5755 603 5813 Nuceriam
616 5751 751 5810 ciuitatem
771 5745 860 5822 gladio
871 5761 915 5802 ca·
970 5742 1081 5801 Frustra
1094 5749 1177 5806 nutat
1189 5735 1427 5803 audmuuarublei,
1440 5733 1485 5803 qui
1498 5730 1601 5803 insigne
1621 5731 1672 5787 itus
1687 5729 1763 5785 illiri-
