3802 6126
133 315 187 371 fid
471 309 566 368 SECT.
588 307 609 363 1.
631 337 666 349 -
685 301 979 363 flaotocttst‘tttca.
999 328 1034 341 -
1054 298 1133 354 itta
1153 297 1184 355 S.
1205 295 1411 355 ctt'tttttbtttt.
1709 292 1761 346 tati

133 426 259 488 scindens,
272 423 312 478 ait
325 439 334 478 a
349 420 454 476 Neuriai
467 420 582 475 diceritis
594 418 726 480 visionem,
741 416 822 469 doner
837 411 921 466 Filius
937 414 958 471 Α
974 411 1103 479 detisque
1116 408 1227 480 genibus
1243 405 1342 468 cratiae
1363 411 1476 473 egcruut
1497 401 1563 458 beo.
1584 398 1657 458 flixit
1669 414 1759 457 autem

133 515 245 570 bertinis
264 529 280 566 ts
301 511 410 565 mortuis
425 518 550 578 resurget.
567 507 768 562 Promitteutem
785 517 849 573 ergo
864 518 923 571 qrtn
973 502 1159 557 eadberctus:
1175 517 1185 552 t
1206 498 1320 565 Videtis,
1335 495 1515 559 dilectissimi,
1529 511 1589 564 qua
1601 496 1635 550 slt
1650 494 1661 526 ¹
1676 495 1761 566 grstia

132 608 252 677 iusserat
265 604 373 659 fratrem
385 600 531 666 benedixit,
546 598 699 668 pariterque
708 597 813 664 eulpam
826 603 924 648 etmn·
974 591 1020 647 liei
1034 590 1177 645 enralidcuti
1202 601 1230 644 et
1244 589 1362 658 speranti
1385 589 1411 642 in
1427 587 1550 642 [landun.
1568 585 1637 640 Ecce
1651 597 1677 640 et
1690 588 1762 643 ciba·

133 697 240 753 lostiam
259 706 339 763 quam
356 690 515 746 temerarius
536 687 689 743 incurrebat
709 684 854 747 abstersit;
878 682 923 751 qui
973 681 1013 735 ria
1038 679 1143 734 famulis
1169 678 1225 733 tuis
1239 677 1408 748 preparavit,
1424 685 1452 730 ct
1466 676 1582 730 ternario
1595 689 1701 745 quoque
1714 691 1758 729 uu·

134 785 262 841 uirtutem
276 796 357 853 quam
372 780 476 836 uiderat
497 781 555 848 ipso
567 781 676 833 virente
696 775 804 832 silentio
819 783 923 845 tegens,
974 786 1048 835 mero
1063 779 1128 840 quot
1139 769 1234 825 diebus
1250 769 1293 824 bic
1307 767 1480 824 residendum
1495 767 1528 820 sit
1545 766 1621 820 nubis
1633 765 1761 819 ostendat.

137 884 198 944 post
211 872 313 929 obitum
333 871 392 941 ejus
407 868 531 937 plurimis
546 868 689 924 indicare·
703 866 816 923 curarit.
974 861 1078 919 Sumite
1101 874 1165 930 ergo
1183 873 1293 914 munera
1320 874 1379 929 que
1395 858 1468 912 misit
1492 856 1569 912 uobis
1584 855 1718 921 cbristus,
1734 866 1762 909 et

133 984 211 1042 epp,
230 983 277 1039 gg·
300 981 533 1050 mmmmm,
558 987 703 1045 „mmm
728 976 861 1048 mmm,
884 992 925 1030 ω,
973 953 1103 1007 abeuntes
1130 951 1281 1007 redciamus
1310 966 1368 1016 uus,
1385 962 1596 1018 maneamusque
1620 948 1758 1015 intrepidi.

170 1070 259 1110 renum
272 1069 343 1107 mare
365 1054 400 1105 ud
414 1060 510 1107 certam
528 1051 594 1104 diem
610 1049 767 1120 praetuerit,
787 1058 812 1103 et
826 1049 924 1102 arcendo
973 1042 1121 1098 certissima
1134 1041 1206 1096 enim
1222 1039 1297 1095 canitie
1309 1051 1369 1108 past
1383 1038 1500 1094 triduom
1514 1039 1645 1093 serenitas
1657 1038 1718 1092 omli
1733 1049 1761 1088 ct

169 1127 238 1179 cibor
251 1124 429 1190 fflddfsslffl'f·
974 1132 1055 1187 mauis
1082 1131 1217 1186 adveniet.
1237 1149 1246 1182 ι
1264 1130 1373 1185 Factum
1398 1139 1440 1185 cst
1463 1139 1492 1184 ut
1505 1129 1619 1193 dixerat,
1637 1140 1763 1181 urancntc
1810 1166 1814 1175 .

169 1232 258 1302 caepit
273 1233 343 1288 iuter
365 1233 415 1286 ista
433 1230 474 1286 sir
489 1229 535 1284 liei
556 1231 636 1284 etiam
661 1227 809 1298 prophetice
829 1227 924 1296 spiritu
951 1203 1062 1278 ¹triduo
1090 1231 1250 1289 tempestate
1271 1222 1281 1252 ⁷
1298 1220 1443 1288 pervalida,
1468 1230 1563 1288 quartu
1584 1220 1692 1273 desinam
1716 1217 1762 1270 de

134 1323 249 1392 pallere,
277 1332 391 1377 ventura
419 1320 574 1391 praedicere,
603 1318 778 1384 presentibus
803 1317 923 1372 absentia
974 1312 1154 1383 tranquillitas
1169 1308 1297 1379 promissa
1309 1318 1399 1363 scienta
1415 1318 1466 1377 cst,
1482 1322 1540 1378 que.
1556 1307 1616 1362 illos
1632 1308 1759 1362 secundi·

134 1414 269 1466 nuntiare·
294 1409 415 1478 Quodam
429 1410 528 1464 etenim
552 1418 672 1477 tempore
687 1420 801 1476 pergens
821 1407 855 1460 de
873 1421 924 1462 suc
973 1404 1080 1460 flatibus
1094 1403 1119 1456 iu
1136 1400 1249 1472 patriam
1269 1398 1392 1454 referret.

135 1502 300 1557 morrasterio
328 1514 376 1571 pro
394 1503 402 1534 ¹
420 1498 586 1556 necessitatis
608 1513 688 1553 causa
712 1497 869 1561 accidentis,
889 1497 923 1552 ad
960 1518 1048 1573 w,
1074 1516 1131 1570 χιι,
1155 1516 1288 1583 quomod,
1304 1516 1351 1569 q„
1372 1514 1468 1583 suspen,
1489 1515 1520 1566 qq
1534 1513 1623 1582 aquae,
1643 1512 1762 1565 mpqm

135 1599 236 1644 terram
251 1588 408 1644 Pictorum¹
423 1603 482 1657 quae
497 1588 511 1626 ¹>
526 1587 636 1643 Nidoarl
651 1596 760 1643 rucatm
775 1587 923 1656 navigando
1006 1598 1031 1641 et
1044 1588 1163 1641 uiaticum
1184 1596 1360 1656 percepturum
1372 1600 1399 1638 se
1415 1600 1468 1638 esre
1484 1584 1644 1652 predixerit,
1663 1592 1687 1634 et
1701 1598 1760 1654 per·

136 1679 271 1748 pertenit,
286 1679 475 1734 comitantibus
485 1694 546 1732 curu
557 1678 661 1733 duabus
672 1693 688 1733 e
701 1677 839 1742 fratribus,
851 1693 919 1746 quo·
1006 1659 1108 1725 ίθ’θ’ῑῑ·

137 1784 198 1823 runs
218 1784 286 1823 uutrs
310 1777 401 1836 postea
425 1768 582 1838 presbyterii
606 1768 711 1823 functus
728 1767 816 1823 allicio
838 1769 923 1823 rirtu-
939 1768 963 1829 B
1009 1766 1127 1835 Quadam
1141 1781 1245 1837 qunque
1258 1765 1301 1820 die
1313 1779 1374 1820 cum
1391 1764 1583 1834 predicaturus
1600 1764 1678 1832 jttrta
1693 1778 1759 1820 can·

134 1869 189 1915 tctn
212 1860 330 1915 miraculi
346 1875 424 1931 quarn
440 1861 536 1915 ibidem
560 1861 600 1915 uir
621 1860 725 1917 Domini
750 1865 920 1928 monstrauit,
974 1858 1141 1914 suetudinem
1156 1872 1231 1911 suam
1243 1856 1349 1925 populis
1363 1856 1396 1910 dc
1412 1856 1573 1910 uronastcrio
1588 1856 1686 1925 exiret,
1706 1871 1761 1910 unu

134 1950 280 2006 multarum
293 1950 395 2005 notitiae
408 1949 541 2019 patefecit.
556 1950 692 2007 llerrerunt
703 1960 791 2008 autem
807 1952 853 2006 illo
864 1961 925 2021 pust
974 1952 1072 2007 comite
1094 1965 1188 2021 puero,
1208 1950 1317 2020 jamque
1343 1950 1388 2004 diu
1403 1948 1550 2020 tranlieudu
1564 1947 1682 2019 fatigatis
1708 1966 1762 2004 man

135 2041 238 2097 Natalis
263 2040 389 2097 dominici
411 2041 495 2107 dieru,
515 2051 653 2111 sperantes
666 2057 707 2111 sc,
720 2043 781 2113 quia
792 2044 923 2098 ursdarunt
975 2057 1068 2111 parram
1090 2042 1178 2097 adbuc
1191 2046 1305 2096 restaret
1321 2051 1332 2080 ι
1349 2040 1461 2106 itineris,
1476 2056 1614 2111 quinosque
1625 2041 1658 2095 ad
1672 2042 1759 2096 uicum

133 2132 214 2188 simul
238 2142 265 2187 et
288 2146 414 2187 aurarum
439 2132 577 2187 arridebat
599 2134 751 2202 temperies,
771 2134 850 2188 citios
864 2148 925 2189 esse
974 2148 1028 2200 quo
1043 2131 1189 2187 tendebant
1217 2132 1397 2200 peruenirent,
1420 2131 1504 2185 ailad
1529 2145 1639 2200 puerum
1656 2138 1763 2188 tentans

133 2223 284 2288 redituros;
311 2224 425 2291 ideoque
448 2238 498 2278 uec
516 2222 614 2277 cibaria
638 2238 728 2278 secum
754 2223 849 2289 tulere,
865 2234 923 2279 tan·
975 2239 1035 2279 eum
1056 2241 1062 2276 :
1078 2241 1087 2274 ι
1108 2224 1154 2278 bic
1168 2237 1228 2293 age,
1244 2221 1355 2290 sodalis,
1372 2221 1415 2278 rabi
1432 2222 1511 2278 laodic
1531 2223 1604 2277 refici
1622 2225 1760 2292 disponas,

134 2332 216 2387 quam
231 2317 306 2372 ocius
333 2316 478 2372 reversuri.
494 2315 547 2372 Sed
561 2315 642 2386 longe
658 2315 736 2371 aliter
756 2331 834 2386 quam
849 2327 924 2384 puta·
973 2329 1007 2369 an
1024 2313 1122 2369 babeas
1141 2313 1254 2381 aliquem
1277 2312 1303 2367 iu
1319 2313 1361 2366 tia
1374 2312 1407 2366 ad
1426 2326 1504 2381 quem
1519 2312 1654 2368 divertere
1669 2313 1762 2368 valeas

133 2408 199 2463 baut
209 2409 311 2462 euenit.
325 2405 391 2462 Nam
404 2423 466 2462 max
482 2417 511 2463 ut
525 2417 624 2462 terram
637 2410 762 2478 tetigere,
777 2417 925 2476 tempestas
974 2405 1128 2476 hospitem?
1141 2408 1174 2460 lit
1189 2405 1234 2461 ille
1249 2405 1434 2475 respondeus:
1457 2405 1489 2459 Et
1504 2406 1562 2461 laec
1577 2405 1646 2475 ipsa,
1661 2407 1757 2477 inquit,

135 2498 191 2553 iera
210 2498 321 2553 suborta
343 2508 394 2564 est,
409 2513 469 2569 quae
483 2496 534 2553 iter
545 2499 586 2553 eis
598 2510 681 2553 omne
694 2498 831 2553 remeandi
852 2512 923 2566 pre·
975 2510 1077 2550 mecum
1103 2494 1184 2550 tacito
1199 2495 1225 2549 iu
1240 2495 1323 2549 cortic
1345 2494 1469 2560 tractari,
1485 2497 1546 2564 qnia
1567 2510 1617 2550 uec
1632 2496 1757 2553 uiaticum

133 2587 266 2644 eluderet.
287 2587 408 2657 Cumque
429 2604 476 2659 per
488 2589 546 2644 dies
561 2588 663 2659 aliquot
677 2589 775 2644 ibidem
799 2587 868 2644 iuter
882 2590 924 2643 ta·
974 2585 1036 2640 ituri
1050 2586 1157 2640 tulimus
1173 2587 1321 2652 uobiscum,
1334 2599 1421 2653 neque
1435 2585 1548 2654 aliquem
1568 2586 1594 2641 in
1606 2584 1700 2643 itinere
1713 2604 1761 2643 uu-

133 2681 185 2734 uris
198 2687 227 2735 et
239 2678 346 2749 frigoris
359 2679 371 2711 ⁸
386 2680 501 2748 pericula
526 2679 658 2745 taberent,
678 2693 732 2749 quo
749 2690 838 2734 tamen
855 2689 923 2733 teut-
975 2686 1031 2732 tum
1045 2676 1173 2732 hebetatus
1185 2677 1231 2746 qui
1248 2691 1297 2731 tros
1311 2691 1361 2731 sun
1375 2676 1496 2745 recipere
1510 2676 1573 2730 uelit
1594 2676 1720 2748 tramitte,
1735 2692 1762 2730 cu

134 2785 199 2839 pinne
227 2772 266 2824 uir
281 2770 328 2825 bei
353 2785 405 2826 unii
433 2770 549 2826 marcida
572 2770 639 2826 luxu
661 2771 715 2825 otia
743 2787 847 2842 gerere,
873 2784 923 2828 noc
974 2782 1026 2823 nou
1042 2783 1133 2838 parurn
1148 2769 1236 2823 adbuc
1249 2768 1353 2823 itinera
1367 2777 1500 2837 superest,
1514 2768 1586 2838 quad
1598 2769 1682 2838 jejuni
1696 2772 1754 2824 siue

133 2861 236 2916 somnis
251 2874 348 2916 cacare
361 2862 466 2917 volebat
481 2862 622 2929 inertibus,
637 2863 685 2918 sed
705 2877 805 2932 pernas
823 2864 849 2917 iu
864 2875 924 2917 cra·
974 2859 1093 2914 molestia
1103 2859 1238 2928 complere
1253 2859 1419 2929 nequimus.»
1431 2858 1443 2890 ⁸
1457 2857 1505 2913 Cari
1516 2859 1555 2913 rir
1568 2858 1613 2914 liei
1628 2877 1634 2913 :
1648 2878 1657 2911 ι
1672 2859 1758 2918 bisce.

134 2951 207 3007 tione
236 2964 357 3020 perstare
384 2951 532 3022 satagebat,
558 2954 651 3008 aderat
674 2954 855 3009 sacratissima
875 2954 924 3009 ‹fo-
975 2948 1072 3018 iuquit,
1086 2947 1177 3013 filiole,
1201 2947 1279 3002 fidem
1295 2963 1401 3017 scruper
1414 2958 1441 3003 et
1460 2962 1534 3017 spem
1552 2947 1650 3003 babere
1664 2948 1690 3003 in
1706 2948 1759 3003 Da-

135 3043 241 3098 tuiuice
265 3045 449 3114 nipparitionis
461 3045 529 3100 dice.
543 3044 610 3101 Tum
633 3045 679 3102 ilie
701 3047 790 3102 anetus
812 3047 921 3113 blando,
975 3040 1060 3105 minc,
1080 3040 1140 3109 quia
1152 3054 1284 3110 trunquam
1298 3038 1367 3093 fame
1378 3040 1446 3110 perit
1459 3041 1503 3110 qui
1516 3038 1569 3094 Deo
1580 3039 1694 3095 fideliter
1706 3053 1759 3094 ser·

133 3140 162 3187 ιιι
176 3130 188 3162 ⁸
198 3131 332 3202 jocundus
346 3143 426 3204 arque
440 3133 554 3190 atrabatis
575 3145 643 3203 erui,
659 3150 784 3193 capnion„
808 3137 922 3208 ,noque
936 3117 959 3183 C
975 3132 1021 3189 uit.
1042 3152 1052 3184 ι
1069 3133 1101 3188 Et
1126 3141 1266 3202 aspectans
1291 3149 1407 3199 sursauu,
1423 3133 1569 3203 ridensque
1593 3132 1708 3204 aquilam
1732 3135 1759 3189 ia

134 3230 188 3278 tur:
206 3240 216 3275 ι
234 3223 303 3291 Quid
327 3238 392 3293 rogo
417 3233 488 3279 tauta
513 3225 616 3294 ignaua
645 3235 792 3296 torpemus,
816 3238 843 3283 et
869 3243 921 3285 nnn
972 3223 1338 3288 altnunlautetu:‹cernis,
1355 3223 1668 3294 iuquit,aquilanrillam
1680 3239 1760 3295 porra

135 3313 404 3383 ‘quacunqueparte
419 3317 469 3371 iter
482 3316 575 3372 salutis
590 3317 768 3387 inquirimus?
789 3321 828 3375 lin
844 3322 923 3378 tellus
972 3317 1125 3373 volantem?
1149 3317 1234 3372 Etiam
1261 3329 1308 3382 per
1333 3314 1410 3384 lustjus
1434 3315 1610 3370 ministerium
1632 3315 1760 3384 possibile

135 3402 251 3469 uiribus,
268 3403 371 3459 nebulis
395 3406 492 3460 coeluru
518 3406 659 3473 horrescit,
686 3422 733 3462 aer
748 3409 854 3464 flatibus
875 3412 922 3465 ad·
972 3418 1013 3464 est
1025 3409 1138 3464 licutino
1152 3424 1199 3462 tros
1213 3408 1292 3461 laodic
1305 3408 1425 3462 relicere.
1442 3425 1451 3458 ι
1469 3406 1543 3460 Talia
1555 3407 1757 3461 confabulantes

134 3498 219 3554 uersis
232 3497 306 3562 furit,
331 3498 455 3555 fiuctibus
469 3513 578 3567 aquom
604 3500 653 3569 ipsi
668 3501 756 3571 iuopia
770 3502 920 3570 deficimus,
971 3502 1084 3571 agebant
1104 3502 1153 3555 iter
1177 3500 1250 3569 jttxta
1265 3500 1373 3553 flantium
1389 3499 1542 3569 quemdam,
1555 3508 1582 3553 et
1595 3512 1658 3555 ecce
1672 3499 1762 3554 subita

132 3592 274 3645 rrecaoest
296 3589 377 3644 bomo
397 3591 441 3660 qui
464 3590 576 3646 reficiat.
593 3591 920 3661 Pulsomusergoilorni·
972 3591 1063 3645 undem
1088 3591 1201 3658 aquilam
1228 3592 1254 3643 iu
1279 3590 1335 3659 ripa
1363 3590 1537 3656 residentem,
1564 3590 1684 3660 dixitque
1714 3594 1755 3644 uir

131 3693 196 3733 nutu
208 3680 342 3748 precibus,
357 3682 402 3749 qui
417 3695 466 3735 suo
478 3681 612 3751 quondam
629 3683 726 3751 populo
742 3684 824 3738 maris
837 3683 920 3739 ttubrt
972 3682 1017 3736 ilci
1033 3697 1039 3733 :
1054 3701 1063 3733 ι
1081 3681 1161 3735 Vndcs
1174 3680 1219 3735 ubi
1240 3693 1330 3734 nostra
1354 3697 1432 3748 irruam
1450 3681 1558 3750 praedixi
1577 3680 1697 3735 tuirristra
1713 3696 1757 3734 re·

131 3768 204 3823 rum
219 3771 333 3838 aperuit,
348 3785 465 3840 eumque
487 3772 514 3826 iu
534 3771 642 3827 deserto
665 3771 823 3828 mirabiliter
838 3777 919 3842 parit,
970 3770 1161 3835 sidctlcurre,
1179 3784 1252 3839 rogo,
1268 3770 1372 3839 etquid
1391 3771 1468 3826 nobis
1489 3773 1627 3839 epularum
1643 3772 1758 3828 boantium

130 3870 242 3915 orantes
257 3869 286 3914 ut
312 3863 396 3916 andri
411 3876 518 3931 quoque
540 3862 698 3918 miscreatur
722 3864 749 3917 iu
771 3864 918 3934 periculis.
971 3866 1092 3920 mittente
1118 3867 1236 3920 attulerit
1260 3866 1361 3935 inspice
1375 3875 1403 3921 et
1422 3867 1503 3922 citius
1515 3867 1602 3924 adfer.
1621 3887 1631 3922 ι
1647 3871 1698 3935 llari
1714 3885 1761 3923 ac-

128 3948 228 4014 thtfo,
244 3951 266 4004 si
282 3964 334 4004 uon
347 3960 436 4006 nostra
457 3951 525 4007 fides
540 3952 645 4018 titubat,
663 3969 714 4009 uon
734 3955 792 4009 vult
806 3970 856 4010 uns
870 3958 919 4009 bu·
972 3972 1083 4011 currens
1094 3958 1183 4012 attulit
1197 3957 1296 4026 piscem
1308 3972 1360 4013 tion
1376 3957 1608 4028 modicum,quem
1619 3960 1663 4014 illa
1677 3975 1755 4028 ttrrprer

129 4036 223 4093 ‹fierua
239 4039 284 4095 die
296 4040 404 4110 jejunos
419 4056 587 4112 permanere,
602 4057 682 4113 qaam
705 4043 761 4111 ipse
777 4059 824 4112 per
838 4055 875 4098 tot
889 4060 922 4099 ac
970 4046 1004 4102 de
1019 4050 1029 4080 ⁹
1052 4047 1134 4101 fluvio
1157 4046 1336 4115 prendiderat.
1351 4052 1385 4104 at
1400 4051 1441 4102 tir
1456 4048 1523 4104 bei:
1541 4065 1551 4100 t
1568 4051 1646 4118 Quid,
1663 4052 1758 4120 ittqrtit,

130 4139 202 4184 tauta
230 4142 287 4184 sue
311 4131 438 4186 miracula
469 4130 615 4201 uteiestatis
644 4131 779 4187 illustrare
803 4133 918 4199 curarit,
970 4138 1068 4206 iecisti,
1094 4138 1148 4192 lilii
1171 4139 1260 4207 Quare
1283 4139 1412 4194 nsitristre
1430 4153 1505 4194 suam
1522 4152 1690 4207 partemrtuu
1712 4142 1760 4195 de·

129 4235 279 4292 precorque
299 4236 392 4278 eamus
403 4223 500 4278 alicubi
512 4234 664 4293 querentes
679 4226 743 4294 quitl
759 4225 836 4280 nobis
852 4241 919 4295 epu·
970 4228 1051 4284 distil
1065 4226 1131 4284 Scca
1147 4229 1228 4284 citius
1251 4231 1381 4292 medium,
1403 4238 1429 4284 et
1444 4230 1482 4284 illi
1501 4240 1604 4301 partem
1616 4247 1696 4302 quam
1710 4248 1761 4287 un·

128 4310 215 4366 iarum
243 4312 406 4381 ingaudium
431 4328 486 4368 sue
509 4314 660 4369 festivitatis
686 4323 814 4383 prestare
828 4314 919 4385 digne·
971 4318 1010 4374 bis
1035 4319 1210 4375 ministrando
1225 4330 1342 4375 meretur
1367 4321 1483 4375 remitte.
1503 4339 1512 4372 ι
1531 4321 1605 4377 Fecit
1626 4331 1656 4376 ut
1666 4321 1758 4394 jusse-

129 4410 184 4458 ltlf·
202 4420 212 4455 ι
230 4400 292 4458 Ηῑθΰ
306 4403 410 4468 ficem,
426 4405 519 4458 eduxit
539 4417 587 4460 eos
612 4402 663 4459 aab
677 4404 761 4474 rip'aut
785 4421 839 4474 qua
862 4405 920 4477 ipse
970 4420 1021 4479 rat,
1038 4411 1060 4443 ¹·
1073 4411 1184 4480 tulitque
1205 4426 1295 4468 secum
1311 4422 1411 4480 partem
1426 4414 1564 4483 reliquam.
1577 4410 1630 4470 Ubi
1653 4426 1760 4484 tempm

129 4503 209 4549 noctu
231 4495 343 4566 peruigil
367 4509 445 4552 orare
459 4506 647 4561 consueverat,
673 4497 717 4551 ubi
743 4497 917 4553 adsentientes
931 4478 957 4540 ⁰
970 4503 1105 4560 reficiendi
1121 4506 1226 4571 aderat,
1248 4504 1415 4560 diverterunt
1429 4505 1462 4560 ad
1487 4506 1636 4574 prasinum
1658 4509 1758 4570 ricaun,

129 4584 289 4641 inuenerunt
313 4584 361 4641 tria
377 4583 463 4642 frusta
485 4587 653 4657 delphininae
674 4587 763 4643 carnis
777 4590 853 4658 qrrasi
868 4589 917 4644 bu·
969 4603 998 4648 et
1011 4594 1073 4650 dato
1091 4594 1124 4649 ad
1139 4598 1282 4651 assandum
1308 4595 1435 4665 pisciculo
1449 4612 1478 4651 se
1498 4597 1596 4664 pariter
1607 4605 1635 4650 et
1655 4612 1704 4652 eus
1724 4602 1757 4652 ad

129 4691 211 4732 maun
233 4679 384 4735 ministerio
406 4690 479 4736 secta
504 4690 531 4734 et
544 4689 692 4751 praeparata
711 4680 745 4736 ad
759 4693 894 4737 cocturam
909 4700 916 4749 ;
970 4699 1039 4754 quos
1054 4687 1190 4741 intrabant
1203 4686 1357 4756 gratissimo
1372 4685 1526 4740 reficiebant
1538 4686 1674 4754 condrio,
1691 4703 1760 4758 pru·

613 4770 847 4828 votoatontttt
869 4773 1066 4832 tautanius
1085 4775 1285 4831 ascalonus.

163 4861 502 4997 :taeta-de..
1006 4871 1243 4995 qun-p..

163 5001 174 5033 ⁸
189 5002 308 5055 Pericula
322 4952 486 5058 ιιιιιιυιιιι.Μ
504 4978 511 4988 ’
846 5050 851 5061 .
1004 5013 1014 5044 ’
1030 4960 1125 5067 Finges
1136 4959 1316 5082 peffe'ff't'nn.

163 5070 332 5172 :durandus
357 5145 363 5156 ι
1006 5082 1026 5113 ¹⁰
1043 5083 1164 5153 fultaque
1182 5100 1267 5136 tectam
1290 5085 1518 5156 parietesque...
1539 5097 1691 5158 tttrrsptoquc
1712 5107 1753 5143 se·

189 5140 344 5206 Osocttuqtte
354 5156 413 5197 tter.
424 5178 447 5226 9
970 5166 1072 5207 cunc...

164 5210 615 5285 manumisero⁶¹⁸fffl⁴²·
785 5286 962 5345 uanrnnuu
981 5287 1081 5345 nora

164 5373 306 5432 scannia.
331 5377 501 5434 Praemissum
523 5378 621 5433 factuam
649 5379 733 5433 relatu
757 5382 911 5443 nutritorum.
968 5392 1021 5437 tcru
1045 5383 1183 5452 presbyter
1211 5382 1278 5437 Tudi
1303 5383 1373 5437 aliud
1395 5383 1552 5439 miraculum
1573 5382 1644 5448 quod
1665 5383 1756 5437 mutos

128 5457 160 5523 es
175 5449 272 5514 quibus
295 5460 337 5504 est
350 5449 453 5503 Pleculf
470 5452 620 5520 presbyter,
636 5451 737 5517 accepit
759 5456 914 5520 btrnriymus
968 5452 1102 5517 cogaritum
1127 5462 1169 5508 est
1191 5443 1336 5508 indicauit:
1352 5453 1466 5520 scilieet,
1489 5454 1603 5522 aquariam
1625 5455 1669 5507 die
1695 5468 1757 5518 pru-

128 5514 175 5569 fib.
188 5531 216 5571 ιι.
233 5588 239 5599 '
311 5589 317 5600 ⁵
969 5523 1138 5578 licisccbatur
1156 5523 1232 5592 justa
1247 5523 1355 5579 durium
1381 5524 1492 5594 Tesgcta
1506 5525 1618 5578 tendens
1633 5525 1659 5575 iu
1676 5524 1756 5576 lfa-ri·

164 5584 176 5622 l·
204 5586 326 5643 deducu.
356 5589 471 5655 Pupulus
493 5593 616 5647 accoleus
638 5590 709 5660 ripas
730 5589 801 5644 durii
824 5589 914 5645 didiu
967 5591 1050 5655 diem,
1084 5593 1154 5648 inter
1182 5605 1306 5648 rtrontaua
1332 5594 1432 5649 ‹loccus
1455 5594 1603 5648 rusticanus
1626 5593 1757 5659 etbapti·

126 5652 237 5737 buluap
253 5659 347 5713 fretum
365 5659 511 5716 irndaremis.
968 5663 1056 5720 tabat.
1081 5664 1188 5729 ilabeus
1203 5680 1310 5735 quoque
1333 5678 1442 5735 puerum
1458 5665 1484 5721 iu
1500 5667 1647 5733 consituto,
1672 5676 1724 5720 etc.
1744 5679 1755 5715 ι

165 5725 307 5783 ‘ftrrnrin
332 5729 498 5804 Attoupums,
522 5731 568 5788 lib.
584 5746 602 5789 tt
617 5747 625 5787 ι
643 5748 654 5784 ι
669 5728 843 5800 supradictos
862 5743 914 5785 au·
