3802 6126
153 289 186 347 li
503 289 605 349 BEllAE
624 291 850 353 tenentibus
868 288 944 350 OPP.
965 290 1052 353 ctus
1071 292 1115 353 ΙΙΙ.
1132 325 1168 341 -
1182 292 1422 357 PARAENETICA.
1737 299 1774 358 tt

60 432 63 436 ι
151 411 270 459 usonem
288 402 435 471 atrdieotes,
459 405 513 461 irae
525 421 618 463 omnes
639 407 673 461 ad
700 422 766 477 quos
779 407 837 475 ejus
854 407 933 462 rerba
948 411 1094 481 Aeroperbi
1109 421 1248 481 vocantur,
1263 415 1323 484 quia
1334 428 1414 482 sopra
1430 426 1581 469 mensorum
1595 425 1624 470 se
1638 429 1693 471 suat
1707 430 1772 470 eou-

150 496 329 565 pcrrenirent,
354 497 499 554 instrueret
520 499 554 554 ad
581 499 671 563 lrdem,
698 498 934 554 etinroeationem
985 501 1095 558 ditionis
1106 505 1258 571 extolluot3
1274 514 1397 574 potentes
1417 513 1518 571 atttem,
1541 520 1594 559 noo
1621 506 1682 575 ertia
1707 522 1771 564 rere

148 587 268 656 stetero
279 590 396 646 nominis
405 591 682 660 advolarerprateuus
692 601 718 646 et
728 591 777 655 ipsi
785 591 935 645 sanctitatis
984 602 1109 660 potentes
1135 603 1210 663 stunt,
1235 598 1282 653 sed
1297 599 1358 669 quia
1372 597 1537 654 conlidentes
1550 598 1576 651 iu
1594 607 1691 654 rrrtrrte
1711 614 1770 662 soa,

147 690 255 741 eterna·
267 698 300 740 ae
309 686 403 741 saltrtis
416 701 486 742 seraa
497 693 608 755 possent
620 699 679 739 esse
696 684 846 753 participes,
860 684 932 753 justa
983 684 1130 740 conditoris
1144 687 1304 756 adiutorium
1318 703 1439 756 atterere
1453 688 1612 742 detrectant.
1628 688 1666 741 llli
1681 696 1770 743 autem

147 771 212 827 illud
225 774 410 843 propheticum
421 795 427 829 :
439 775 470 829 b't
484 777 549 830 crit:
560 775 643 829 amois
652 775 933 842 quicunqnsioooeocs·
983 790 1046 832 rere
1060 787 1183 847 potentes
1197 789 1260 834 sunt
1273 779 1317 846 otri
1338 779 1428 835 dicere
1440 794 1500 834 rum
1514 777 1642 848 apostolo
1658 785 1770 834 norunt:

147 863 181 919 rlt
194 880 285 921 acmen
299 865 413 930 Domini,
433 867 518 921 soloas
542 867 590 920 erit
605 867 684 935 (leci.
700 871 741 930 ul.
757 865 844 935 lpsam
861 865 932 919 euittt
985 866 1079 922 (loonio
1090 884 1224 936 possituros
1235 869 1261 923 io
1274 885 1305 924 eo
1325 869 1369 938 poi
1383 885 1429 923 tros
1449 873 1575 939 confortat
1589 868 1698 939 (Plotip.
1721 869 1770 938 tr).

146 966 189 1012 cet
210 971 318 1021 nomeu,
339 957 373 1013 de
387 972 440 1029 qtru
453 973 533 1029 supra
550 958 597 1024 ait,
619 958 652 1013 Et
663 958 807 1013 exsultarit
824 958 934 1027 spiritus
984 957 1022 1013 De
1034 956 1156 1027 qualibus
1170 960 1298 1028 scriptum
1320 968 1377 1015 est:
1392 959 1459 1014 Deus
1472 970 1585 1031 potentes
1599 977 1651 1013 ooo
1671 960 1768 1032 objicit,

145 1047 257 1103 mensio
266 1049 321 1104 Deo
333 1048 444 1104 saltitari
458 1065 527 1105 oreo.
536 1049 613 1106 Unde
622 1050 709 1105 adbuc
721 1049 931 1119 apertiussddit:
983 1061 1039 1099 eaor
1052 1048 1143 1115 etipse
1156 1048 1188 1101 sit
1202 1056 1292 1114 petens
1302 1047 1374 1118 (deb.
1386 1047 1488 1117 asari).
1502 1048 1625 1117 Deposuit
1638 1065 1699 1120 erpo
1722 1065 1771 1120 po·

180 1135 216 1192 Et
225 1138 399 1193 misericordia
413 1143 470 1214 rios
488 1141 635 1213 apropenic
646 1143 672 1195 io
683 1142 824 1214 mopsrries,
839 1142 932 1195 timeo·
983 1146 1062 1197 tenta
1075 1141 1107 1197 de
1118 1142 1188 1206 sede,
1201 1151 1225 1197 et
1239 1144 1361 1199 cccttoait
1375 1143 1494 1210 bomiies,
1508 1143 1569 1213 quia
1584 1146 1665 1200 cornis
1678 1147 1722 1215 psi
1743 1164 1771 1202 se

144 1227 212 1282 tiburs
223 1244 291 1284 enm.
307 1229 450 1299 Progenies
466 1241 555 1286 autern
580 1240 607 1286 et
620 1233 759 1300 progenies
777 1231 818 1285 rel
833 1232 933 1287 utrius·
980 1233 1087 1295 caritot,
1101 1233 1295 1300 tremiliobitcr;
1316 1235 1398 1304 etqui
1412 1252 1439 1290 se
1456 1236 1586 1300 bomiiiot,
1606 1237 1769 1293 rroltobitsrr.

144 1330 196 1385 one
215 1318 551 1389 poprrli,iudreiridelicet
569 1330 597 1375 et
615 1320 867 1392 gentilis,appellat,
889 1320 931 1377 rel
982 1322 1108 1391 Quamvis
1122 1324 1202 1379 etiam
1217 1324 1253 1379 ita
1269 1332 1341 1380 recte
1356 1324 1440 1396 possit
1460 1324 1582 1394 intelligi,
1611 1327 1681 1394 good
1705 1341 1771 1381 oon·

142 1415 216 1464 certe
229 1411 348 1464 omnium
363 1425 411 1481 per
425 1412 517 1467 orbem
532 1413 678 1478 nationum,
695 1427 760 1481 nuos
783 1412 808 1466 io
823 1410 932 1467 Christo
981 1426 1117 1482 ununquam
1130 1411 1168 1468 illi
1183 1413 1245 1482 ipsi,
1256 1413 1301 1483 oui
1316 1414 1476 1470 mentiosus
1490 1413 1611 1470 elationis
1624 1429 1639 1468 a
1656 1413 1771 1471 Domino

142 1500 290 1557 credituras
310 1518 370 1559 esse
391 1503 575 1575 praesidebat:
592 1504 663 1573 ouria,
679 1505 751 1558 sicut
764 1503 857 1559 l‘etros
877 1505 929 1572 ait,
982 1504 1206 1573 luerentdejecti,
1220 1504 1308 1560 denuo
1323 1506 1467 1561 miserante
1492 1505 1538 1560 illo
1557 1504 1592 1560 ad
1613 1504 1771 1562 humilitatis

143 1590 205 1648 diors
217 1603 255 1649 est
266 1611 434 1664 persoooroor
448 1606 565 1663 acceptor
578 1593 658 1661 beas,
671 1594 715 1649 sed
734 1594 761 1648 io
776 1595 846 1649 omni
857 1604 931 1665 pente
981 1593 1095 1661 gratiam
1121 1593 1245 1656 redeant,
1259 1593 1351 1665 sicque
1364 1595 1460 1650 merito
1486 1593 1590 1650 devotae
1614 1594 1770 1652 birruilitotia

141 1683 186 1754 ptri
200 1684 271 1740 timet
282 1700 352 1754 eum,
367 1693 391 1739 rt
414 1684 681 1757 operatoriostitiom
702 1694 820 1756 acceptae
838 1692 876 1739 est
890 1683 930 1740 ilii
981 1686 1118 1755 erigantur
1128 1685 1160 1741 td
1175 1685 1300 1756 gloriam.
1324 1686 1444 1755 benique
1459 1686 1556 1742 Saulus
1569 1686 1602 1741 arl
1616 1687 1769 1756 superbiam

140 1774 210 1846 (Art.
233 1773 273 1845 a).
307 1773 429 1831 Concinit
456 1783 544 1830 autem
563 1773 605 1828 lais
625 1772 709 1828 beate
727 1774 817 1828 blariae
842 1773 931 1829 verbis
947 1756 1016 1833 Bde
1036 1777 1101 1833 sede
1114 1778 1243 1833 doctrinm
1258 1776 1349 1847 legalis
1369 1776 1507 1846 depositus
1519 1785 1570 1843 est,
1591 1777 1638 1833 sed
1657 1793 1718 1833 mor
1733 1776 1769 1833 ob

140 1868 226 1937 ipsius
238 1867 342 1923 Domini
357 1883 457 1935 sermo,
472 1882 526 1938 otto
537 1882 590 1923 non
604 1874 706 1921 tantum
727 1877 851 1931 nratrem,
871 1855 931 1937 quta
981 1866 1139 1922 burmilitatis
1153 1868 1346 1937 subjectionem
1358 1867 1392 1922 ad
1413 1866 1647 1938 evangelizandam
1669 1867 1768 1926 Christi

139 1973 171 2015 re
193 1960 372 2028 corporaliter
398 1960 496 2014 meruit
507 1972 647 2028 generare,
661 1957 710 2013 sed
734 1966 761 2012 et
779 1956 930 2026 omnesqui
981 1960 1060 2016 isdem
1074 1963 1186 2016 levatus.

138 2064 186 2106 soa
211 2058 344 2121 praccepta
370 2059 520 2116 servarent,
538 2049 723 2120 pronuntiauit
741 2061 801 2104 csse
828 2049 929 2104 beatos.
1018 2051 1164 2109 Esarieotes
1176 2052 1288 2124 implerit
1301 2053 1385 2121 iouis,
1409 2062 1433 2108 et
1458 2054 1547 2110 diuites
1561 2053 1656 2108 dimisit
1670 2055 1767 2110 inatres.

138 2138 205 2197 Com
219 2142 291 2198 enirn
305 2143 419 2198 docente
431 2139 734 2212 illopopulumquodam
750 2139 821 2207 loco,
836 2148 864 2196 et
878 2141 930 2195 mi·
980 2142 1031 2210 Qui
1046 2152 1145 2200 aterna
1161 2145 1278 2214 perlecto
1289 2159 1360 2200 nuuc
1373 2147 1505 2209 esuriunt,
1520 2154 1599 2214 atprre
1609 2145 1641 2200 ad
1658 2145 1715 2200 bac
1727 2161 1770 2212 sp

138 2233 230 2290 facula
244 2233 368 2297 iaciente,
395 2247 489 2288 omues
509 2232 667 2302 sapientiam
698 2229 756 2300 cius
769 2245 802 2288 ιο
818 2232 931 2286 virtutes
981 2237 1092 2308 peteuda
1108 2237 1265 2309 infatigabili
1288 2253 1400 2306 operum
1412 2238 1545 2308 justorum
1565 2238 1689 2293 instantia
1712 2253 1771 2292 cer·

138 2327 324 2394 mirarentur,
348 2326 480 2383 extollens
510 2339 603 2381 rocem
628 2323 748 2394 quadam
778 2325 875 2379 mulier
895 2323 930 2381 de
980 2338 1036 2385 tare
1058 2329 1266 2394 noudesistant,
1281 2330 1449 2385 satiabuntur
1469 2330 1634 2398 otiquecum
1650 2329 1692 2383 sui
1714 2329 1769 2384 lte·

138 2420 226 2486 turba,
238 2419 305 2476 dixit
319 2420 356 2476 illi
366 2438 374 2474 s
386 2418 480 2474 neotus
493 2428 578 2474 oeotcr
596 2418 641 2489 qui
651 2428 675 2472 tc
686 2417 806 2485 porterit,
818 2426 842 2471 et
851 2418 930 2472 ciero
978 2419 1126 2490 deruptocis
1140 2418 1236 2492 gloria,
1251 2435 1329 2490 quam
1343 2420 1542 2483 desiderabant,
1556 2420 1720 2490 apparuerit.
1734 2421 1768 2474 lt

137 2528 196 2583 pcc
214 2512 307 2567 sosiui
333 2510 409 2582 (boc.
424 2511 473 2580 ιι).
501 2512 535 2566 At
549 2510 594 2566 ille
608 2509 786 2566 testimonium
808 2508 929 2565 veritatis
978 2514 1129 2584 qrricooque
1152 2513 1309 2570 coelestinos
1331 2513 1432 2569 diuitiis
1459 2524 1579 2571 terrenos
1614 2528 1769 2585 praeponere

137 2603 269 2671 prolatum
296 2605 410 2660 libenter
432 2603 590 2674 accipiens,
617 2603 744 2658 contiuuo
772 2603 926 2672 respondit:
978 2606 1104 2677 gaudent,
1130 2606 1155 2660 lri
1179 2606 1304 2661 nimirum
1325 2614 1447 2674 tempore
1474 2605 1575 2660 ultima
1601 2604 1769 2660 discretionis

136 2693 388 2767 Beotipuioodisrot
411 2696 513 2750 roboot
529 2695 585 2761 liei,
602 2694 874 2763 rtccstodiuotiltnd,
898 2703 927 2747 ut
978 2699 1071 2753 inanes
1097 2697 1179 2753 totius
1205 2695 1375 2751 beatitudinis
1398 2695 1568 2751 dimittuntur
1592 2709 1606 2749 a
1635 2695 1769 2764 bertuino,

136 2788 194 2860 lpsa
208 2801 316 2860 quoque
330 2787 436 2852 mulier,
457 2788 511 2842 imo
530 2786 645 2843 universi
661 2788 705 2860 qui
727 2787 880 2853 arrdiebant,
897 2801 927 2842 se
977 2788 1091 2858 ideoque
1111 2802 1172 2844 eum
1200 2786 1308 2842 diabolo
1330 2785 1455 2857 perennis
1481 2784 1596 2840 miserie
1622 2798 1702 2854 poena
1715 2785 1770 2854 ple·

136 2878 229 2936 beatos
245 2879 302 2935 lore
323 2878 498 2945 conlidereot,
512 2880 534 2935 si
550 2880 648 2935 divinis
667 2881 767 2935 uellent
787 2881 928 2949 obtempe·
977 2889 1096 2936 etuutur.
1108 2879 1182 2946 Quod
1195 2878 1275 2935 etiam
1291 2880 1316 2932 iu
1332 2878 1382 2932 bac
1395 2878 1448 2932 rita
1460 2892 1492 2933 es
1507 2887 1582 2947 parte
1594 2893 1646 2930 non
1657 2876 1769 2933 minima

136 2985 197 3028 rare
211 2971 355 3026 mandatis.
371 2972 409 3025 Ac
421 2970 444 3025 ei
457 2980 549 3039 aperte
561 2970 648 3027 dicat:
659 2972 926 3042 eramrissiogulare
976 2974 1099 3030 ridemus
1112 2971 1228 3043 impleri,
1244 2981 1272 3026 ut
1284 2978 1313 3027 et
1323 2970 1438 3026 humiles
1449 2970 1573 3026 videlieet
1582 2983 1706 3039 supernae
1721 2969 1769 3024 bo·

137 3061 304 3133 privilegium
319 3062 494 3120 beatitudinis
508 3063 614 3130 babeat,
628 3065 794 3134 durabilium
812 3067 856 3123 bei
883 3069 923 3122 io·
940 3099 963 3162 c
978 3067 1069 3122 nitatis
1083 3065 1217 3121 alimoniis
1230 3065 1395 3135 repleantur,
1416 3063 1598 3133 virtutumque
1617 3061 1768 3117 coelestium

136 3164 274 3214 carnatem
297 3156 372 3228 uirgo
389 3157 415 3212 in
429 3164 507 3212 utero
519 3165 634 3227 gestare,
654 3171 759 3226 parere.
775 3171 806 3212 ae
825 3159 925 3214 nutrire
977 3154 1241 3225 largitateditescaot
1254 3170 1261 3207 c
1274 3153 1355 3223 etqui
1371 3151 1411 3207 uel
1426 3152 1461 3208 de
1472 3153 1585 3208 terrenis
1595 3151 1695 3206 divitiis
1713 3151 1770 3222 glo·

135 3247 217 3320 digna
230 3248 343 3312 exstitit,
364 3249 526 3319 praecipuum
541 3256 630 3305 tameo
645 3250 671 3302 in
692 3249 784 3305 eadem
798 3251 852 3305 vita
866 3268 926 3320 per·
976 3247 1076 3303 riantes
1087 3246 1301 3316 superbiunt,rel
1310 3245 1344 3301 de
1356 3245 1451 3314 opibus
1465 3258 1496 3299 se
1507 3245 1637 3299 bonorum
1652 3257 1766 3314 operum

135 3347 223 3408 petuce
250 3339 424 3395 beatitudiuis
448 3340 535 3396 locum
559 3339 653 3411 stipsi
673 3349 733 3395 suru
750 3340 865 3397 trabituri
880 3343 925 3414 qrri
975 3339 1052 3411 quasi
1072 3340 1129 3395 bec
1144 3353 1191 3408 per
1203 3352 1233 3394 se
1247 3337 1371 3404 babeant,
1388 3336 1530 3402 extollunt,
1545 3336 1617 3390 intus
1636 3348 1651 3388 a
1668 3334 1768 3388 lumino

134 3427 193 3501 rius
203 3428 281 3485 iidem
293 3443 325 3487 ac
335 3430 502 3487 dilectionem
523 3439 598 3486 casto
617 3431 643 3486 in
656 3431 737 3486 corde
759 3432 924 3500 concipiunt,
975 3433 1097 3490 veritatis
1119 3432 1287 3486 inanescunt.
1309 3429 1424 3498 Singulis
1437 3437 1527 3483 autem
1550 3428 1591 3483 bis
1616 3426 1766 3492 versiculis,

135 3520 180 3595 qui
206 3521 298 3577 sedula
321 3521 348 3576 iu
375 3531 464 3578 mente
486 3530 680 3593 praeceptorum
694 3523 752 3592 ejus
767 3526 925 3579 memoriam
976 3539 1044 3596 quos
1064 3523 1098 3578 de
1112 3523 1219 3577 diverso
1231 3520 1407 3591 superborum
1429 3526 1508 3587 atoue
1534 3518 1671 3574 humilium
1695 3525 1767 3572 statu

136 3620 255 3679 portant,
270 3613 313 3682 otri
328 3611 399 3668 banc
422 3621 448 3668 et
465 3613 490 3668 in
513 3623 602 3670 mente
626 3614 806 3682 proximorum
833 3615 925 3671 solerti
977 3616 1053 3669 beata
1076 3613 1156 3669 llaria
1169 3612 1287 3680 protulit,
1302 3608 1500 3679 adiungendum
1521 3608 1644 3678 estquod
1661 3607 1769 3678 praetnt-

136 3700 324 3759 csbortatione
335 3702 437 3758 nutrire
458 3712 591 3774 satagunt.
607 3703 705 3760 Verum
715 3705 776 3774 ouria
787 3707 926 3762 venerabi·
977 3705 1023 3772 sit,
1036 3704 1059 3758 Α
1072 3705 1192 3776 progenie
1206 3703 1234 3756 io
1246 3702 1389 3772 progenies,
1405 3701 1467 3771 quia
1483 3700 1607 3754 nimirum
1628 3712 1769 3770 peremne

137 3792 170 3849 lls
182 3793 230 3849 Del
252 3793 365 3865 genitrix
382 3794 591 3852 misericordiam
605 3795 664 3867 ejus
684 3797 810 3853 omnibus
822 3813 871 3868 pec
882 3813 926 3854 or·
977 3795 1092 3853 labentis
1107 3794 1199 3850 saeculi
1211 3789 1523 3861 tempust'reatorjrtstus
1534 3802 1565 3845 ac
1579 3788 1732 3845 misericors
1740 3799 1768 3845 et

135 3885 197 3940 bern
220 3884 266 3956 qui
286 3898 347 3940 eum
375 3886 498 3940 timerent
511 3883 660 3941 adiuturam
676 3900 736 3943 esse
760 3888 925 3958 perdocuit,
976 3885 1099 3956 superbis
1117 3885 1252 3949 resistere,
1272 3891 1300 3937 et
1315 3880 1460 3936 humilibus
1486 3880 1551 3934 dare
1575 3880 1685 3949 gratiam
1707 3895 1769 3936 coo·

135 3981 219 4030 restat
234 3982 263 4029 ut
276 3974 356 4030 etiam
371 3975 479 4043 superbi
501 3985 528 4031 et
549 3986 753 4033 contemnentes
768 3979 868 4033 monita
881 3993 927 4034 re·
976 3977 1075 4033 suerit.
1092 3974 1167 4031 llnde
1181 3973 1248 4028 bene
1263 3979 1323 4041 post
1336 3969 1488 4042 generalem
1511 3968 1609 4024 divina
1624 3969 1729 4038 pietatis
1741 3977 1769 4024 et

134 4064 232 4133 sitatis,
247 4065 310 4136 grtid
325 4073 489 4133 mereantur,
502 4065 628 4122 insinuet.
975 4067 1085 4139 iustitie
1098 4061 1394 4126 commemorationem,
1412 4059 1445 4115 ad
1465 4059 1610 4130 specialem
1633 4074 1710 4114 nora
1725 4059 1767 4113 in-

169 4154 254 4221 Feeit,
266 4155 362 4226 inquit,
376 4157 515 4227 potentiam
526 4159 552 4211 io
567 4156 669 4213 bractio
683 4175 739 4227 roo,
751 4159 871 4229 dispersit
880 4176 926 4214 so·
977 4158 1139 4215 carnationis
1162 4153 1468 4224 dispensationemque
1492 4151 1619 4206 muudum
1634 4150 1768 4205 redimere

136 4243 225 4308 solos
251 4257 334 4300 merite
360 4245 445 4301 cordis
468 4247 520 4302 soi.
536 4247 562 4301 ln
579 4247 687 4303 brachio
707 4264 768 4317 suo,
783 4249 809 4305 io
826 4250 927 4306 ditione
977 4251 1103 4323 dignatus
1113 4257 1166 4313 est,
1174 4243 1352 4303 confessionis
1360 4242 1501 4300 suaererbu
1509 4241 1766 4311 cortrertit,dicens:

135 4336 251 4409 proprie
265 4338 371 4393 virtutis
383 4339 526 4409 signitieat.
541 4338 599 4394 Nou
615 4339 685 4395 euim
712 4341 801 4397 alieno
814 4342 847 4395 ad
860 4356 927 4413 ope·
1014 4339 1131 4411 Suscepit
1154 4335 1239 4392 lsrael
1250 4350 1357 4408 paccatur
1370 4350 1457 4400 soum,
1474 4333 1610 4386 tuemerori
1623 4333 1769 4388 miscrr'cor·

135 4426 248 4485 nodum
263 4426 363 4498 indiget
376 4429 486 4495 auxilio,
502 4430 560 4496 eui,
576 4433 643 4484 strat
659 4430 787 4499 seriptum
802 4440 853 4497 est,
867 4433 927 4490 sub.
939 4453 966 4513 1)
979 4435 1103 4491 ditesco.
1116 4432 1195 4487 lsrael
1210 4429 1308 4499 quippe
1318 4427 1357 4481 cir
1370 4425 1459 4480 ridens
1474 4421 1556 4480 Deam
1567 4425 1767 4492 interpretatur.

132 4529 175 4579 cat
199 4534 260 4577 cum
293 4521 409 4576 uoluerit
441 4536 531 4592 posse.
561 4521 638 4588 Quod
665 4522 698 4577 ad
725 4522 925 4580 distinctionem
976 4528 1036 4597 Quo
1059 4523 1168 4581 nomine
1193 4520 1280 4575 omnis
1304 4519 1503 4587 redemptorum
1530 4516 1769 4571 bomioumcoetus

134 4623 232 4672 nom
246 4614 324 4671 bonae
336 4615 502 4685 operationis
523 4614 599 4681 dicit,
619 4615 666 4686 oui
690 4629 743 4671 uon
772 4615 800 4670 in
826 4624 926 4672 nostre
975 4617 1144 4687 designatur,
1168 4623 1277 4682 propter
1293 4624 1360 4679 quos
1375 4617 1404 4662 ut
1425 4606 1508 4662 beom
1536 4605 1628 4660 ridere
1651 4605 1768 4670 valeam,

130 4705 237 4776 juribus
247 4707 389 4776 libertatis,
398 4708 445 4765 sed
454 4708 481 4761 io
496 4708 550 4762 beo
560 4707 821 4768 lacimusrlrtutem.
832 4715 860 4763 et
871 4706 926 4763 sic·
977 4712 1036 4781 ipse
1051 4710 1122 4765 Deus
1133 4708 1214 4763 lromo
1223 4704 1344 4761 visibilis
1358 4703 1428 4757 inter
1442 4699 1564 4755 homines
1578 4700 1710 4769 apparuit.
1718 4701 1768 4768 Qui

134 4804 165 4853 ut
176 4794 243 4853 alias
253 4797 382 4866 scriptum
396 4808 438 4856 est
453 4817 461 4854 t
478 4799 511 4854 lit
523 4800 654 4855 brachium
670 4815 758 4854 corsos
774 4815 825 4853 ooo
842 4800 927 4854 solon·
975 4801 1094 4870 suscepit
1107 4799 1189 4855 lsrael
1201 4797 1278 4867 quasi
1291 4795 1413 4850 medicus
1426 4807 1529 4861 regrum
1554 4807 1633 4861 ortem
1646 4803 1768 4861 curaret,

132 4888 169 4944 cit
183 4888 926 4957 eor,seddestrotnaetbrociicortssro,etiltsoriootio
975 4889 1052 4962 quasi
1075 4905 1121 4945 rer
1149 4886 1288 4958 populum,
1311 4898 1391 4954 quem
1416 4882 1452 4937 ab
1471 4881 1588 4937 bostium
1613 4883 1769 4940 incursione

134 4978 218 5035 soso
231 4979 268 5034 tui
288 4979 297 5050 (
313 4977 388 5034 Ριιι.
415 4994 482 5036 scut
494 4981 517 5051 ).
533 4982 664 5051 Dispersit
684 4991 773 5037 autem
796 4981 926 5052 superbos
976 4980 1145 5045 detenderet,
1160 4980 1216 5032 imo
1230 4978 1307 5032 boste
1320 4981 1456 5046 prostrato
1469 4973 1581 5029 liberum
1593 4973 1727 5039 redderet,
1736 4988 1769 5029 ac

135 5077 225 5128 mente
237 5071 327 5127 cordis
340 5071 393 5135 sui,
408 5072 469 5140 quia
484 5072 587 5128 initium
602 5077 691 5132 omols
704 5074 806 5146 peceati
833 5087 927 5142 super·
976 5086 1066 5128 secum
1090 5078 1221 5141 perpetuo
1246 5056 1357 5135 regnare
1377 5064 1501 5120 donaret.
1519 5065 1549 5119 Et
1565 5066 1633 5121 bene
1654 5063 1767 5130 addidit,

132 5161 190 5232 tta,
203 5161 238 5217 ob
259 5163 337 5233 cnjus
351 5164 476 5218 meritum
492 5163 619 5220 Dominus
633 5180 717 5235 genus
743 5167 887 5219 immanem
910 5177 925 5217 a
977 5162 1092 5221 Posroor
1100 5177 1186 5229 ιιιιιιιι,
1204 5158 1325 5214 uidelicet
1341 5157 1469 5213 bomilem
1490 5157 1712 5227 obedientemque
1731 5157 1768 5211 si·

133 5251 222 5309 stabili
236 5251 401 5310 habitatione
415 5252 641 5333 patrieeoelestis
660 5254 784 5326 ejiciens,
806 5256 833 5311 in
849 5254 926 5325 brrjus
975 5252 1116 5326 gniilcans,
1130 5250 1191 5321 poia
1203 5265 1256 5305 noo
1271 5247 1322 5303 nisi
1333 5263 1382 5318 per
1393 5251 1521 5303 rlrtutem
1537 5246 1694 5301 humilitatis
1708 5248 1768 5314 ouis

134 5343 376 5416 peregrinationem
399 5344 487 5401 exsilii
510 5344 589 5416 longe
607 5344 713 5417 lateque
739 5344 863 5418 dispulit:
877 5346 926 5402 sed
976 5345 1009 5401 ad
1026 5353 1129 5401 sortem
1144 5349 1234 5414 potest
1255 5339 1449 5409 redemptionis
1473 5337 1613 5407 attingere.
1636 5335 1712 5393 Unde
1740 5347 1768 5393 et

133 5443 163 5491 et
174 5435 216 5493 bis
228 5437 276 5508 qui
287 5437 314 5491 in
330 5437 446 5507 peccatis
460 5435 604 5506 perdurare
626 5451 680 5491 non
695 5433 801 5504 tiruent,
821 5436 928 5506 gratie·
977 5434 1106 5492 Dominus
1120 5432 1157 5487 ait
1173 5448 1179 5484 :
1196 5429 1255 5487 Nisi
1266 5428 1500 5502 cooocrrisusritis‚
1511 5436 1536 5484 rt
1546 5429 1690 5499 efficiamini
1701 5429 1768 5483 siret

133 5542 192 5584 nata
204 5528 299 5584 lutare
312 5528 488 5600 dispersionis
502 5528 648 5583 vindictam
663 5527 821 5583 serenavit.
976 5519 1667 5597 parsuli,oooiotrobitisiurepruorscoetoraso(Mattlr.
1677 5520 1766 5590 ιιιιι).

169 5616 294 5690 deposuit
305 5631 420 5689 poteotes
439 5607 550 5677 ιιιιιιιι.
572 5618 688 5676 Eosdem
703 5627 828 5688 potentes
837 5619 927 5692 appel·
978 5617 1167 5687 Beoeouoque
1180 5613 1328 5685 subiunxit,
1348 5610 1490 5667 limersri
1504 5610 1688 5665 misericordie
1700 5623 1766 5672 soc.

133 5714 171 5773 tas
191 5729 259 5787 oues
286 5723 348 5771 ante
374 5713 478 5771 discret
500 5713 644 5785 superbos.
660 5710 711 5780 Qui
726 5709 788 5771 ideo
801 5712 926 5774 nimirum
978 5709 1038 5781 prtia
1051 5708 1123 5785 quod
1148 5706 1219 5764 Deus
1239 5704 1375 5763 bominem
1389 5710 1420 5759 ut
1434 5702 1589 5768 redimeret,
1609 5702 1767 5773 auunrpsit,
