3802 6126
131 227 180 284 ‘ll

163 349 238 408 sona
248 358 305 410 sne.
322 345 443 412 Domine,
457 345 582 413 sunniam
594 348 752 405 conturbato
766 359 830 407 sunt

165 453 225 495 ossa
241 452 311 494 mea.

134 533 165 589 Ει
176 534 265 588 anima
279 545 340 587 mea
354 530 459 587 turbata
472 539 513 587 est
526 531 617 599 raltlc,

164 633 192 678 ct
206 635 245 688 tu,
261 621 384 687 Domine,
401 623 565 692 usquequo?

134 716 287 780 Derertere,
302 714 426 784 Domine,
440 729 505 770 erue
519 713 635 770 animam
652 731 740 771 meam

169 816 280 877 propter
291 806 500 862 misericordiam
518 811 602 862 tuom.

135 898 244 954 Dutttine
257 897 329 953 Deus
342 896 459 966 mcus,in
474 906 501 951 te
513 898 630 967 speravi,
647 896 719 951 salsa
735 913 778 952 mc

164 993 198 1049 ab
210 992 334 1048 omnibus
349 989 585 1064 persequentibus,
598 999 626 1044 et
640 989 722 1046 libera
735 1006 788 1047 me.

134 1089 170 1147 No
183 1089 253 1145 torte
264 1085 355 1158 capiat
367 1095 395 1142 ut
410 1086 453 1142 leo
464 1088 581 1142 animam
592 1099 693 1150 meam,
708 1095 735 1140 ct

166 1182 277 1247 laceret,
293 1188 321 1236 et
334 1178 437 1235 nonsit
450 1176 496 1249 qui
509 1177 616 1248 eripiat.

138 1273 259 1340 Domine,
274 1270 430 1326 Dominator
440 1279 542 1334 noster,
556 1283 637 1340 quam
651 1265 750 1340 pronde
764 1277 805 1321 est

165 1378 261 1418 nomen
278 1369 352 1417 tuutn
363 1362 389 1416 in
404 1359 528 1417 universa
545 1361 632 1417 terra!

134 1455 252 1513 baubm
263 1463 291 1510 et
303 1452 425 1525 gaudebo
438 1454 466 1508 in
480 1463 507 1508 te
522 1470 529 1506 :

166 1545 264 1602 Canam
280 1542 381 1599 nomini
395 1552 452 1607 tuo,
469 1541 617 1610 ditissime,

136 1636 276 1708 lispuequo
289 1632 450 1689 exaitabitur
462 1631 585 1688 inimicus
600 1646 676 1688 meus

165 1742 246 1799 super
257 1726 318 1783 mel
330 1725 495 1781 Convertere
505 1734 532 1780 ct
543 1725 639 1780 exaudi
653 1739 706 1790 mo,

163 1815 277 1873 Domine
291 1815 362 1871 Deus
376 1829 463 1871 meus.

136 1910 261 1967 inlumina
273 1910 365 1965 oculos
378 1921 464 1976 mens,
480 1921 515 1963 ne
527 1921 638 1978 unquam

165 2003 333 2059 obdormiam
347 2002 376 2058 in
390 2011 486 2066 morte,

134 2096 276 2168 densando
289 2096 360 2151 dicat
375 2093 499 2150 inimicus
511 2107 597 2158 meus,

164 2186 294 2245 Praeraiui
310 2186 438 2242 adsersus
450 2199 522 2240 eutn.

135 2279 279 2336 littultnbit
290 2276 374 2336 iacob
388 2287 416 2334 ct
429 2274 563 2334 iactabitur
573 2274 666 2342 israel,

165 2371 291 2427 timentes
303 2380 394 2426 autem
407 2368 548 2426 Dominum
575 2380 583 2399 ¹

164 2460 297 2534 ploridcat
311 2460 391 2518 Deus.
438 2460 440 2464 ’

136 2548 238 2609 Custodi
251 2566 305 2619 me,
323 2550 433 2607 Dotrtine
443 2549 525 2619 Deus,
539 2549 666 2623 quoniam
679 2548 787 2620 sperari
800 2551 826 2609 in
848 2561 884 2620 te,

166 2642 263 2700 Dicens
280 2642 345 2706 Deo,
361 2642 432 2698 Deus
446 2656 522 2698 meus
534 2656 564 2698 es
580 2653 618 2708 tu,
634 2641 702 2698 bene
717 2641 783 2698 milti

165 2733 399 2792 mmmm

136 2824 239 2883 Custodi
255 2840 300 2881 me
309 2826 386 2897 quasi
400 2824 525 2895 pupillam
537 2823 610 2881 intus
622 2824 650 2880 in
665 2824 756 2894 oculo,

166 2919 192 2973 in
207 2917 303 2973 umbra
315 2915 418 2971 alarum
434 2923 542 2971 tuarum
557 2923 668 2986 protege
683 2930 737 2970 ms.

137 3008 186 3081 ipo
198 3019 289 3065 autem
305 3010 331 3062 iu
344 3007 447 3078 iustitia
462 3007 560 3064 ridebo
575 3007 669 3063 tactem
684 3015 768 3064 lustu.

135 3103 242 3177 Diiipam
258 3112 296 3174 te,
310 3104 434 3170 Domine,
450 3101 579 3161 tortitudo
593 3117 665 3170 mea,

166 3208 195 3256 et
208 3199 363 3269 redemptor
376 3214 462 3257 meus.

131 3288 173 3345 ab
186 3291 298 3346 occultis
310 3290 377 3346 meis
388 3290 485 3348 munda
500 3306 559 3360 me,
576 3290 697 3356 Domine,

166 3385 194 3434 et
202 3379 237 3436 ab
249 3379 346 3436 alienis
359 3394 439 3451 parce
450 3394 530 3437 serro
545 3391 601 3436 tuo.

126 3467 186 3527 llos
200 3480 290 3527 autem
303 3470 534 3531 nominisDomini
552 3472 598 3530 Dei
621 3476 705 3530 nostri

165 3563 377 3620 recordabimur.

126 3648 267 3719 Eraltare,
286 3653 411 3724 Domine,
424 3653 618 3713 infortitudine
635 3665 689 3721 tua,

165 3746 334 3802 cantabimus
348 3755 377 3803 et
390 3748 535 3817 psallemus

165 3839 277 3895 virtutes
293 3847 362 3894 tuas.

126 3928 171 3986 'lu
183 3942 283 4001 autem,
295 3932 418 4000 Domine,
433 3948 468 3992 ne
482 3936 561 4006 iunge
571 3935 610 3993 sis
624 3951 639 3992 a
655 3949 709 4003 rne,
722 3933 850 3991 tortitudo

165 4038 236 4091 mea,
246 4023 273 4079 in
287 4024 415 4080 auxilium
429 4041 517 4081 mcum
532 4026 638 4095 terrina,

137 4113 202 4171 Erue
217 4116 333 4187 agladio
342 4117 458 4173 animam
470 4133 568 4173 meam.

165 4205 241 4264 Salsa
256 4222 300 4263 me
312 4222 345 4263 ex
355 4223 404 4265 ore
416 4207 512 4269 leonis.

135 4295 164 4351 Et
176 4298 328 4369 benignitas
337 4306 364 4354 et
374 4299 558 4356 misericordia
569 4301 664 4357 subse·

164 4397 278 4458 quantur
288 4402 332 4446 me
346 4389 470 4447 omnibus
482 4391 577 4448 diebus

165 4480 223 4535 rita
237 4494 315 4537 meae.

135 4569 163 4626 bt
175 4572 304 4643 accipiam
319 4573 535 4633 benedictionem
547 4593 562 4632 a
577 4576 701 4634 Doutitm.

165 4665 203 4720 eid
217 4675 255 4735 te,
269 4665 393 4734 bomine,
404 4667 522 4724 animam
533 4682 620 4725 meam
636 4669 741 4725 levabo.

134 4751 190 4810 i'ias
203 4765 273 4827 tuas,
284 4755 409 4829 Domine,
419 4758 533 4816 ostende
548 4760 623 4829 mibi,
639 4771 667 4816 ct

163 4853 271 4907 minitas
285 4860 345 4908 tuas
356 4853 425 4909 doce
438 4867 491 4910 me.

133 4939 217 5001 Deduc
226 4961 279 5011 me,
294 4948 414 5016 Domine,
433 4947 584 5007 inveritate
598 4956 641 5004 tua

162 5038 574 5109 mmmmmmmmmm

161 5130 285 5187 Salvator
299 5148 385 5188 meus.

131 5218 299 5279 Peccatorum
309 5223 501 5280 adolescentie

162 5328 237 5378 mee,
252 5325 280 5369 et
295 5314 429 5371 socierum
443 5331 565 5372 meorum

159 5418 194 5461 ne
205 5408 372 5464 memineris.

129 5494 279 5554 Secundum
295 5512 417 5570 magnam
434 5499 648 5558 misericordiam

161 5601 247 5659 tuam,
263 5593 407 5648 recordare
420 5595 484 5649 mei.

129 5678 238 5749 Propter
252 5698 350 5740 notueu
366 5692 440 5740 tuum

570 226 668 284 SECT.
689 226 723 285 ΙΙ.
743 228 919 288 ASOETiDA.
935 261 971 273 -
984 231 1151 293 tinnitus
1171 234 1322 298 babebit.

922 351 961 412 d
1012 355 1156 427 propitiare
1171 357 1303 431 iniquitati
1316 377 1395 431 meae,

1011 447 1136 518 quottiam
1152 450 1260 519 grandis
1275 461 1327 508 est.
1419 479 1421 482 ·

978 537 1090 608 Respice
1105 538 1132 593 in
1145 555 1188 596 me
1202 551 1230 596 et
1243 543 1374 600 miserere
1387 545 1453 605 mei.

1013 627 1051 683 De
1062 631 1192 700 attgttstiis
1205 633 1272 687 meis
1286 634 1354 690 educ
1369 652 1423 691 mc.

977 718 1043 776 llitlc
1059 722 1234 779 bumilitatem
1249 741 1337 781 rocam

1011 819 1039 864 et
1053 811 1172 869 laborem
1189 831 1289 885 meunt,
1302 826 1330 872 et
1344 828 1420 888 porta

1012 902 1102 956 omnia
1117 915 1225 974 peccata
1238 922 1309 962 mea.

975 987 1083 1047 Custodi
1097 994 1214 1050 animam
1228 1013 1326 1064 meam,
1344 1000 1446 1060 redime
1462 1021 1515 1071 tne,

1011 1091 1039 1140 et
1049 1085 1176 1143 miserere
1187 1088 1251 1146 mei.
1506 1158 1514 1172 ι

978 1175 1105 1233 Dominus
1120 1179 1163 1234 iux
1179 1195 1250 1249 mea,
1264 1191 1291 1238 et
1301 1183 1419 1240 salutare
1433 1202 1533 1255 meutn,

1010 1286 1091 1339 prtem
1107 1272 1219 1329 timebo.

869 1405 872 1411 .
976 1363 1056 1426 dudi,
1069 1363 1192 1434 Domine,
1208 1381 1302 1424 rocem
1316 1377 1340 1424 te
1356 1371 1517 1441 itttocnntls;

1011 1453 1140 1511 miserere
1156 1459 1220 1523 mci,

1010 1554 1038 1599 et
1051 1549 1213 1605 exaudime.

976 1631 1014 1689 lle
1024 1636 1176 1693 abscondas
1191 1638 1285 1695 taciem
1302 1648 1373 1696 tunm

937 1731 963 1795 Β
1014 1741 1028 1782 a
1041 1743 1096 1795 me,
1109 1744 1144 1785 nc
1154 1730 1275 1789 declines
1289 1732 1316 1789 itt
1327 1732 1417 1791 sutoro

941 1804 944 1811 ’
1011 1832 1027 1874 a
1042 1834 1122 1876 serto
1137 1827 1193 1876 tuo.

974 1909 1109 1967 Auxilium
1121 1926 1211 1968 meutn
1224 1911 1307 1983 luisti,

1010 2016 1045 2057 ue
1056 2000 1227 2073 derelinquar
1241 2019 1295 2070 me,
1311 2015 1385 2062 etue
1400 2005 1520 2064 dimtttas

1010 2108 1064 2160 me,
1080 2092 1150 2149 Deus
1165 2095 1284 2150 saltator
1296 2112 1382 2154 meus.

974 2184 1178 2255 Ostendemilti,
1190 2185 1314 2254 Domine,
1331 2189 1400 2246 riam
1417 2199 1501 2250 tuam.

1012 2273 1101 2330 Deduc
1112 2289 1157 2330 me
1169 2275 1197 2330 in
1211 2278 1306 2332 semita
1322 2287 1406 2346 recta,

1011 2375 1122 2437 propter
1133 2367 1304 2424 insidiatores
1318 2385 1404 2426 meos.

975 2455 1015 2513 Νι
1030 2459 1121 2513 tradas
1136 2473 1190 2522 me,
1207 2458 1332 2527 Domine,

1008 2548 1108 2603 animan
1122 2548 1307 2605 tribulantium
1320 2564 1372 2606 nte.

975 2640 1031 2711 Deo
1044 2651 1134 2696 autem
1149 2640 1242 2708 credo,
1255 2642 1328 2712 quod
1342 2642 1446 2701 rideam
1462 2645 1533 2702 bona
1545 2646 1652 2707 Domini

1007 2732 1117 2788 interra
1130 2734 1288 2790 virentium.

973 2822 1057 2892 dudi,
1073 2823 1197 2894 Domine,
1214 2825 1432 2898 deprecationem
1448 2844 1547 2896 meam.

1007 2935 1071 2975 cum
1083 2920 1235 2978 clamavero
1249 2922 1334 2981 adse.

971 3011 1011 3069 Ne
1027 3014 1116 3069 tradas
1131 3031 1175 3071 me
1186 3031 1247 3072 cum
1262 3017 1448 3087 peccatoribus

934 3090 960 3154 C
1010 3117 1037 3162 et
1050 3121 1112 3163 cum
1124 3109 1298 3178 operantibus
1312 3108 1491 3182 iniquitatem.

976 3196 1046 3254 Deus
1060 3197 1189 3255 tortitudo
1204 3216 1262 3256 mea
1289 3210 1317 3258 ot
1328 3214 1444 3259 scutum.

1010 3288 1129 3346 Adorat'e
1140 3290 1281 3347 Dominum
1294 3291 1322 3347 in
1335 3293 1434 3350 decore
1447 3301 1553 3350 sancto.

975 3381 1054 3450 dudi,
1068 3383 1191 3453 Domine,
1203 3393 1229 3439 ct
1244 3385 1448 3442 misereremei.

975 3472 1100 3541 Domine,
1111 3484 1170 3531 esto
1181 3474 1299 3546 adjutor,
1310 3483 1338 3532 et
1352 3477 1439 3533 laudet
1456 3487 1483 3532 te

1008 3563 1093 3633 gloria
1105 3579 1174 3630 mea,
1190 3574 1218 3621 ct
1229 3580 1283 3621 non
1295 3576 1393 3623 taceat.

974 3653 1087 3708 Domine
1100 3653 1171 3710 Deus
1183 3656 1300 3726 meus,in
1315 3668 1445 3712 aternum
1461 3657 1609 3716 coniltcbor
1621 3660 1676 3718 tibi.

974 3743 1001 3800 ln
1015 3750 1053 3810 te,
1070 3744 1193 3812 Domino,
1207 3743 1323 3816 sperati,
1341 3762 1393 3803 non
1405 3747 1555 3804 cnttbmdar
1570 3751 1596 3807 in
1614 3760 1746 3811 aternum

1008 3838 1036 3893 in
1047 3847 1090 3892 tua
1105 3836 1205 3906 iustitia
1222 3838 1294 3893 salua
1315 3853 1368 3894 mc.

972 3928 1073 3986 inclina
1087 3929 1120 3983 ad
1135 3944 1178 3985 me
1193 3944 1289 3986 aurem
1305 3938 1389 3999 tuam,
1404 3932 1534 3989 velociter

1007 4019 1173 4076 exaudime.
1208 4016 1211 4021 ’

972 4113 1038 4182 Quia
1054 4110 1182 4167 lentitudo
1194 4126 1253 4168 mea
1264 4127 1305 4168 es.
1321 4112 1350 4168 ln
1366 4128 1461 4169 manus
1478 4125 1536 4171 tuas

1006 4205 1202 4262 commendabo
1214 4204 1339 4276 spiritum
1355 4221 1456 4261 mcum.
1466 4207 1495 4261 in
1508 4222 1587 4263 mann
1601 4219 1647 4265 tua

1006 4309 1126 4368 tempora
1141 4313 1211 4353 mea.

975 4391 1071 4448 Libero
1087 4407 1130 4447 tne
1142 4390 1177 4446 de
1192 4405 1271 4445 manu
1285 4389 1456 4445 inimicorum
1468 4405 1588 4446 meorum

930 4468 959 4531 b
1008 4493 1034 4538 et
1048 4493 1262 4553 persequentum
1277 4496 1330 4535 mc.

971 4574 1092 4631 Ostende
1105 4573 1199 4629 iucictn
1213 4583 1284 4627 tuam
1296 4586 1379 4642 super
1391 4586 1498 4627 sentum
1517 4584 1601 4629 tuum.

972 4667 1079 4735 beatus,
1093 4667 1135 4722 cui
1148 4666 1259 4720 dimissa
1270 4674 1312 4721 est
1321 4667 1459 4735 iniquitas,

1006 4767 1034 4813 et
1045 4759 1231 4814 absconditum
1246 4766 1288 4812 est
1302 4769 1450 4827 peccatum.

970 4850 1112 4906 Peccatum
1124 4864 1212 4905 meum
1229 4857 1320 4903 notum
1332 4847 1403 4902 iacio
1418 4847 1476 4909 tibi,

1005 4950 1034 4997 et
1044 4936 1211 5010 iniquitatem
1226 4954 1311 4994 meatu
1324 4954 1377 4994 non
1389 4939 1536 4996 abscondo.

968 5035 1008 5090 'iu
1020 5049 1049 5089 es
1065 5031 1197 5102 protectio
1210 5046 1280 5086 men.

1003 5126 1047 5182 nb
1057 5127 1133 5181 itoste
1145 5123 1282 5179 custodies
1297 5138 1351 5179 me.

968 5218 1038 5275 Etece
1049 5218 1119 5272 oculi
1135 5214 1241 5272 Domini
1250 5230 1331 5285 super
1346 5215 1472 5270 timentes
1482 5229 1556 5277 enm,
1568 5226 1595 5270 et
1607 5229 1689 5286 supet·

1004 5319 1190 5380 exspectantes
1202 5305 1415 5364 misericordiam
1429 5305 1500 5377 ejus.

969 5404 990 5461 t·
992 5404 1028 5459 iat
1038 5398 1222 5456 misericordia
1237 5409 1292 5463 tua,
1310 5397 1433 5463 Domine,
1443 5410 1524 5464 supet
1538 5410 1599 5461 nor,

1003 5494 1074 5549 sicut
1086 5489 1258 5561 speravimus
1272 5489 1300 5544 in
1315 5497 1352 5544 tc.

968 5582 1127 5642 benedicam
1142 5580 1286 5637 Dominum
1299 5579 1327 5635 in
1346 5579 1419 5635 omni
1440 5588 1575 5649 tempore,

1003 5691 1110 5750 semper
1120 5676 1178 5730 iaus
1193 5674 1252 5744 cp'us
1264 5670 1292 5732 iu
1305 5685 1351 5729 ore
1363 5684 1434 5727 meo.
