3802 6126
153 121 206 177 2⁶¹1

494 116 596 176 BEliAE
615 116 844 176 terremotus
862 116 938 173 ΟΝ).
958 114 1047 172 rsus
1065 114 1110 172 ΙΙΙ.
1130 142 1165 159 -
1184 111 1423 172 PARAENETlCA.

1725 106 1782 166 tus

143 232 274 303 promissi
284 229 511 302 lutjrtseileeluum
526 231 746 287 ridinrueelcnim
759 229 935 296 culumaper-
950 233 974 291 Α
988 229 1214 298 supereminentia
1228 227 1377 290 dirlnltatls
1388 226 1446 298 ejus
1461 238 1570 297 amana,
1585 238 1657 283 uuue
1670 226 1782 285 rudilms

147 337 217 395 turn,
232 325 292 394 quia
308 333 447 392 postquam
471 323 569 378 eurtum
593 323 663 378 Deus
681 322 763 377 innuo
773 323 932 391 penetrarit,

147 417 229 472 ellum
243 415 320 470 rtubls
332 414 358 468 ἰιι
372 414 480 467 rturuiue
494 414 551 480 ejus
566 409 736 466 eretieuliirus
755 426 878 481 supernae
891 426 936 480 pu·

148 509 207 565 ule
227 506 390 578 patefactum
414 505 600 575 cognoscimus
624 503 785 571 ingressum.
809 502 936 557 Videmus

147 601 255 668 seueros
268 598 314 652 llci
327 596 503 652 ascendeutes
514 593 826 662 etdescendentesropra
839 591 935 647 Filium

150 691 279 752 ltominis,
294 688 356 757 quia
378 684 570 755 pmdtcamres
585 697 693 739 sanctos
708 685 831 747 nouimus
852 683 936 738 subii·

148 784 267 838 mitatem
295 778 442 833 diuiniratis
465 774 565 831 curisti
598 776 676 830 simul
704 782 732 831 et
766 775 936 829 immanitatis

151 872 210 944 ejus
240 870 343 925 inlirma
377 869 512 923 uutdiarc.
549 866 706 923 escendunt
732 881 811 934 supra
841 865 936 920 Filium

148 962 263 1017 lrnrrrinis
275 957 440 1029 angelicum
452 958 549 1013 docent
558 957 682 1012 doctores
691 957 751 1025 qnia
763 954 797 1011 in
811 956 937 1024 principio

149 1061 203 1106 erut
220 1050 341 1112 Verium,
353 1058 377 1103 el
392 1047 503 1103 Verium
516 1058 569 1101 erat
579 1048 649 1115 apud
662 1045 754 1110 Deum,
765 1057 788 1100 et
803 1046 872 1099 irene
883 1055 937 1099 erol

153 1141 264 1197 l'erluut
279 1139 368 1210 (loon.
383 1138 414 1208 ι).
431 1136 600 1192 Descendunt
613 1151 695 1205 super
710 1135 806 1189 Filium
822 1134 937 1188 irorninlo

149 1233 248 1302 angeli,
266 1244 327 1286 curu
339 1229 487 1299 adjungunt
502 1228 583 1283 linium
599 1228 659 1296 quia
681 1226 789 1281 Verbum
812 1242 872 1279 coro
894 1226 908 1295 s
924 1252 937 1265 ·

990 320 1077 376 adnue
1093 321 1265 377 immanitatis
1277 322 1335 389 ejus
1347 320 1451 375 inlirrua
1464 318 1633 376 denuntiant.
1650 316 1699 375 Vel
1706 330 1782 376 certe

990 412 1136 466 ascendunt
1152 425 1212 466 cum
1225 411 1274 479 ipsi
1295 410 1328 463 ad
1340 411 1460 464 celestia
1470 409 1676 478 contemplanda
1690 422 1782 465 meme

991 511 1138 556 transeunt.
1151 500 1321 557 Descendunt
1334 515 1398 554 tero
1412 515 1473 554 cum
1489 499 1628 555 auditores
1640 512 1704 554 suos
1715 514 1780 569 uua·

991 594 1051 648 liter
1076 595 1101 647 ln
1129 595 1207 648 terris
1222 591 1314 648 uiuere
1328 592 1443 647 deterso
1468 591 1613 646 instruunt.
1636 589 1715 662 Lapis
1729 591 1779 646 sub

989 689 1076 754 capue
1087 686 1169 742 tacut
1184 685 1314 740 Dominus
1324 693 1376 750 est,
1398 684 1424 738 in
1441 699 1495 752 ouo
1510 692 1583 738 lanto
1609 683 1693 754 magis
1706 681 1779 737 omui

994 777 1145 832 lnteutione
1159 776 1290 831 debemus
1304 775 1391 838 inniti,
1415 783 1517 843 otrauto
1537 775 1615 829 nobts
1628 783 1732 830 cerlmn
1746 774 1779 828 li·

990 878 1066 938 quet,
1089 868 1152 938 quia
1166 868 1224 920 siue
1242 866 1301 935 ipso
1322 863 1387 918 nilril
1408 863 1498 921 iacere
1524 880 1677 934 possumus.
1702 863 1780 921 [insit

991 960 1104 1028 lapidem
1131 957 1214 1014 lecolo
1239 969 1265 1011 et
1292 957 1379 1013 erexit
1406 956 1432 1010 in
1461 955 1590 1021 titulum,
1615 956 1677 1026 quia
1702 969 1782 1010 renas

990 1051 1107 1107 israelita
1123 1049 1245 1118 intelligit
1269 1047 1478 1115 liedenrptorem
1503 1055 1624 1101 nostrum
1638 1058 1779 1102 nocturna

991 1142 1071 1198 Patre
1094 1142 1156 1196 oleo
1182 1140 1281 1193 letitia
1307 1153 1361 1206 pne
1385 1136 1554 1193 consortibus
1579 1135 1662 1192 suis:
1688 1151 1704 1191 a
1727 1151 1781 1206 ntra

990 1233 1127 1300 unctione,
1145 1233 1232 1298 idest,
1254 1231 1412 1299 chrismate,
1427 1230 1550 1287 Cirristus
1562 1246 1660 1288 nomen
1670 1233 1780 1303 accipit,

148 1334 217 1379 cluna
230 1331 278 1388 est,
291 1333 314 1376 et
328 1322 450 1376 lrslu‘tuur't
464 1321 491 1374 ln
505 1322 587 1374 nolis.
601 1318 691 1387 Neque
713 1318 848 1373 immerito
867 1333 937 1388 prae·

149 1412 283 1469 dicaturus
295 1412 380 1466 saneti
399 1412 488 1481 typice
501 1411 589 1480 angeli
608 1418 746 1475 vocantur,
761 1408 861 1478 qrribus
872 1423 937 1464 cou-

149 1486 226 1561 suete
240 1503 389 1558 derlramm
413 1502 448 1557 alr
472 1501 576 1570 ansulis
598 1514 695 1555 nomm
714 1499 938 1568 evangelistarum
992 1509 1110 1577 ongum,
1124 1514 1205 1576 atone
1220 1503 1247 1559 ln
1259 1503 1365 1561 titulum
1379 1503 1504 1574 eripitur,
1519 1503 1648 1560 Dominus
1671 1504 1698 1559 lu
1712 1508 1783 1561 rosto

149 1596 316 1662 conceditur,
341 1603 371 1649 ul
392 1595 462 1649 sicul
489 1595 516 1648 iti
545 1595 641 1656 rrutrlil,
666 1593 702 1646 lla
721 1601 749 1647 el
773 1591 811 1647 illi
833 1600 941 1661 propior
957 1597 978 1655 Β
994 1601 1145 1667 revelatur,
1165 1599 1228 1668 quia
1252 1595 1378 1651 nimirum
1399 1597 1456 1666 ipse
1477 1596 1638 1665 intempore
1658 1607 1782 1666 apparunt

151 1687 343 1747 ideursnmmsu
359 1685 555 1756 praedicationis
574 1683 693 1739 oliieium
706 1683 768 1738 bosri
791 1681 877 1738 rurruli
889 1697 940 1737 co-
995 1691 1065 1746 inser
1091 1689 1214 1745 homines
1229 1687 1319 1752 immo,
1335 1685 1381 1756 uui
1404 1697 1521 1742 eternus
1548 1695 1686 1756 permanet
1711 1687 1782 1757 apud

148 1784 348 1844 urrmninentur.
365 1778 399 1833 Et
420 1777 566 1832 notandum
581 1775 653 1845 qood
678 1774 807 1829 lloorinns
821 1775 940 1841 seipsum
995 1780 1101 1835 lesuram
1116 1778 1188 1833 [leus
1203 1778 1266 1846 :qul
1279 1785 1364 1830 morte
1375 1774 1479 1831 deuicta
1493 1776 1613 1830 ascendit
1631 1789 1712 1847 super
1725 1791 1781 1832 css·

149 1869 242 1926 Filium
258 1869 374 1924 hominis
387 1875 535 1936 nuncupat,
547 1865 693 1921 liatlranacl
707 1862 830 1919 cumdem
845 1862 941 1919 Folium
995 1871 1036 1926 102
1051 1869 1183 1926 emiorum
1207 1871 1242 1923 ed
1266 1867 1414 1935 Orientem,
1439 1866 1536 1936 ipsein
1552 1866 1655 1922 titulum
1683 1877 1783 1922 noscere

149 1960 197 2017 trel
211 1959 347 2030 predicat.
367 1957 416 2014 Cui
436 1957 525 2012 simile
550 1966 590 2012 est
606 1956 676 2027 qrrod
694 1954 766 2023 apud
780 1953 941 2009 alluserau·
992 1959 1149 2016 salvationis
1170 1966 1261 2012 manet
1282 1956 1420 2012 nobiscum
1441 1956 1566 2012 omnibus
1588 1956 1682 2014 diebus
1696 1973 1783 2029 usone

149 2055 261 2126 pelistus
273 2054 331 2122 ipse
353 2049 499 2117 discipulos
512 2047 668 2118 interroget,
684 2061 764 2116 ouem
774 2060 836 2102 euru
853 2044 942 2100 dissui
991 2051 1025 2106 ad
1038 2049 1295 2106 consummationem
1316 2051 1420 2118 sconii,
1434 2066 1531 2123 corpus
1546 2053 1652 2122 quidem
1675 2067 1782 2107 assum·

151 2159 213 2200 esse
228 2143 351 2198 lurmmrs
363 2140 459 2196 Filium
475 2141 609 2203 innormis,
624 2139 813 2208 responditque
826 2136 940 2191 Petrus:
992 2153 1066 2212 prum
1080 2141 1114 2197 de
1129 2150 1200 2198 serra
1215 2142 1285 2198 coelp
1298 2140 1473 2207 erumperem,
1489 2142 1536 2198 peu
1553 2143 1693 2211 pap-eppa
1713 2143 1782 2198 (supp.

150 2234 189 2287 l'u
204 2249 230 2287 es
244 2231 362 2287 cirrium
375 2227 460 2284 Filius
470 2227 517 2282 liri
530 2229 578 2282 nini
593 2226 699 2297 (Merula.
715 2227 782 2297 su).
794 2224 825 2279 iis
835 2225 942 2294 quidem
993 2233 1084 2288 nrum
1097 2241 1197 2288 terram
1214 2229 1316 2300 pariter
1335 2230 1518 2301 complectens
1537 2239 1566 2286 et
1584 2231 1677 2287 culos.
1699 2230 1783 2301 igitur

156 2323 229 2393 juro
244 2321 451 2392 disponsationis
474 2319 753 2376 stroderamineactum
768 2326 809 2373 est
830 2324 860 2372 ut
881 2330 942 2371 cum
993 2321 1122 2377 [ionrinut
1154 2330 1274 2376 ueterem
1308 2322 1386 2376 nobis
1415 2337 1551 2391 exponens
1583 2321 1721 2378 historiam
1754 2323 1783 2378 in

150 2424 262 2483 utraque
285 2412 406 2481 eiusdem
431 2410 587 2466 mediatoris
603 2408 649 2465 uei
675 2418 703 2466 et
726 2409 832 2464 llomlui
858 2407 941 2463 riustri
994 2410 1075 2469 lsrael
1091 2411 1290 2481 simplicitatem
1306 2411 1397 2481 populi
1421 2412 1528 2482 tidelis,
1542 2413 1782 2482 cujusmcmlrrum

150 2506 191 2561 rei
206 2502 446 2576 alipsoiiouim.
460 2503 501 2556 ret
515 2500 551 2555 m
570 2499 680 2555 tumme
696 2512 761 2568 puro
776 2506 851 2554 esset
869 2511 944 2553 eom·
992 2512 1049 2559 eru
1075 2503 1232 2567 murmur,
1261 2501 1401 2573 operatam
1429 2504 1615 2572 demonstran
1643 2507 1670 2561 ιιι
1694 2506 1784 2575 leprae

154 2590 496 2656 rneroomndamusunrla,
519 2588 684 2646 Deuslmmo
705 2587 875 2659 lrapitttatem
897 2603 942 2644 as·
992 2609 1073 2664 snper
1094 2610 1175 2666 quem
1190 2594 1278 2664 suspoli
1297 2594 1477 2652 ascendebam
1491 2605 1518 2651 et
1531 2591 1780 2662 descendebaouso

150 2693 288 2757 saluum
303 2698 333 2741 te
347 2681 620 2750 humanitatispurus
633 2679 715 2736 homo
728 2682 938 2735 rlrtutemreter·
994 2687 1174 2756 sipuilicatum
1190 2686 1301 2754 rerelat,
1316 2686 1394 2756 errius
1412 2697 1552 2757 utramque
1567 2700 1686 2743 naturam
1699 2687 1780 2744 sicis-

151 2777 269 2843 naeineo
281 2773 427 2830 diuinitatis
439 2780 589 2838 astrueret;
600 2770 658 2842 ipse
671 2784 747 2825 suam
757 2770 943 2834 tromiliraum.
992 2775 1042 2830 sim
1066 2775 1186 2846 magistri
1206 2776 1359 2846 spirituales
1374 2779 1544 2834 annuntiant.
1566 2777 1631 2834 tiam
1645 2781 1721 2851 quasi
1739 2779 1782 2834 la·

152 2865 268 2937 lileejus
281 2866 410 2923 fateretur
421 2864 601 2921 altitudinem.
612 2862 764 2919 Notandum
778 2863 859 2918 otiam
872 2861 942 2932 quod
994 2864 1084 2933 pidem
1100 2865 1174 2936 ungit
1186 2865 1267 2922 israel
1294 2868 1365 2932 oleo,
1380 2881 1440 2922 cunr
1464 2867 1608 2924 conlitetur
1632 2868 1784 2925 Nathanael

150 2954 283 3013 Dominus
296 2956 341 3026 qui
353 2957 461 3012 lutum
481 2953 629 3012 uatuamel
639 2969 703 3010 uere
716 2955 861 3011 lsraelltam
875 2970 929 3009 uun
957 2956 980 3019 c
994 2958 1128 3025 quomodo
1143 2957 1220 3013 uusit
1231 2957 1322 3014 lesum
1340 2958 1410 3015 [leurs
1422 2960 1521 3028 Spiritu
1532 2968 1626 3017 sancto
1639 2970 1667 3016 et
1682 2963 1781 3016 virtuto

152 3056 251 3116 cupat,
267 3048 293 3102 iu
308 3045 660 3117 irocouoquererlroquod
675 3045 732 3100 ait:
754 3044 943 3100 Videlitr'atu·
993 3045 1108 3102 dicens:
1126 3045 1305 3110 limuisses
1334 3046 1420 3103 Filius
1446 3048 1512 3118 dei,
1534 3061 1562 3104 tu
1583 3068 1609 3105 es
1623 3049 1678 3106 lies
1697 3050 1784 3105 lsrael

151 3143 205 3195 lum
219 3149 376 3211 oportunum
390 3139 496 3213 anpelos
511 3137 559 3194 Dei
568 3141 733 3193 ascendentes
747 3145 771 3193 et
784 3135 943 3192 deseemlen·
994 3136 1087 3205 (loen.
1104 3138 1135 3208 ι).
1151 3138 1228 3194 Patet
1239 3139 1295 3210 jaro
1309 3140 1433 3209 exposita
1445 3140 1561 3196 lectione
1573 3141 1656 3197 sanetl
1666 3141 1784 3212 Eranus-

152 3239 188 3286 les
202 3216 280 3302 supro
302 3226 401 3284 l'illurn
416 3227 526 3283 luminis
549 3226 639 3296 (loon.
656 3227 696 3297 tl,
715 3226 846 3282 visionem
860 3225 944 3280 laeulr
996 3228 1037 3294 iii,
1049 3227 1145 3284 iratres
1156 3229 1299 3298 mei,quod
1309 3245 1361 3285 uon
1376 3230 1434 3286 siue
1449 3229 1552 3287 ratione
1567 3234 1653 3303 magni
1663 3233 1783 3304 mysterii

153 3321 311 3389 prrrlarclrae
326 3319 372 3390 qui
389 3333 436 3386 per
452 3317 668 3373 benedictionem
681 3325 792 3383 uocatus
809 3323 850 3372 est
865 3313 944 3371 israel
996 3318 1120 3386 incapite
1137 3319 1220 3388 ipsius
1245 3321 1401 3386 praedictum
1416 3320 1462 3387 sit,
1487 3322 1549 3392 qula
1563 3322 1679 3378 noluerit
1703 3323 1783 3380 lesus

991 1324 1067 1392 errius
1091 1323 1247 1394 mysterium
1276 1321 1467 1376 incarnationis
1490 1327 1589 1376 nostrae
1611 1319 1731 1391 proiecto
1741 1331 1783 1378 est

991 1417 1084 1471 titulus
1105 1414 1309 1484 redempcionis.
1338 1413 1371 1468 ut
1395 1415 1463 1469 berre
1488 1429 1548 1469 curn
1565 1413 1632 1483 lapis
1656 1412 1683 1468 in
1708 1424 1781 1469 terra

155 3410 190 3466 ad
214 3408 371 3467 memoriam
389 3410 503 3464 reducit.
532 3409 557 3462 ls
583 3421 698 3478 namque
719 3420 779 3461 cum
804 3404 898 3461 nolens
919 3408 945 3460 ln
996 3409 1070 3464 exire
1083 3409 1110 3462 in
1132 3408 1281 3476 Guiilaeanr,
1296 3424 1329 3465 ac
1342 3410 1440 3467 deinde
1462 3412 1632 3483 subjunctum
1647 3415 1784 3485 quomodo

135 3503 267 3575 'quodam
289 3504 348 3559 loco
362 3507 542 3573 requiescere,
554 3501 669 3572 lapidem
691 3500 773 3572 capiti
786 3501 946 3569 suosulrpo·
996 3498 1037 3552 rei
1061 3499 1212 3571 Philippum
1239 3499 1297 3570 lpse
1327 3504 1471 3569 roraverit,
1489 3504 1530 3559 rel
1545 3515 1667 3560 rocamm
1693 3504 1728 3562 ait
1750 3520 1784 3562 eo

155 3593 268 3660 suisset,
294 3593 359 3650 uidit
375 3593 519 3648 insomnis
534 3592 633 3648 scalam
657 3601 772 3647 stantem
795 3605 876 3660 super
891 3601 947 3647 ter-
997 3591 1143 3646 llatltanaei
1165 3593 1327 3663 sussceperit,
1341 3608 1373 3648 ac
1400 3593 1459 3651 luce
1482 3597 1602 3651 veritalis
1616 3597 1782 3655 instruxerit.

154 3699 223 3749 ram,
246 3694 273 3741 ct
301 3698 433 3739 cacumen
461 3682 534 3738 iliius
556 3692 668 3751 tangens
692 3682 817 3738 culum:
838 3683 948 3752 angelos
997 3679 1104 3736 Galilaea
1116 3695 1241 3751 namque,
1255 3692 1284 3736 ut
1302 3682 1428 3746 diximus,
1451 3685 1643 3754 uanaplpurotio
1656 3687 1724 3757 {nete
1742 3687 1783 3743 rel

156 3788 263 3844 quoque
279 3772 325 3828 liei
342 3771 518 3828 ascendentes
541 3780 568 3828 et
579 3772 773 3828 descendentes
789 3780 950 3841 persumet
997 3770 1120 3825 revelatio
1136 3773 1336 3840 iuterpretatur.
1353 3773 1384 3827 Et
1397 3784 1469 3829 recte
1480 3774 1507 3828 in
1518 3776 1655 3831 Gsltluam
1666 3776 1784 3833 noluisse

157 3867 299 3920 llominum
315 3863 436 3920 lnnlrum
462 3864 562 3930 scala,
587 3864 720 3919 dicentem
733 3864 783 3920 sibl
798 3882 805 3918 :
821 3862 877 3935 Epo
890 3880 948 3918 sum
998 3861 1072 3918 exire
1090 3860 1177 3918 dictus
1200 3874 1252 3927 est,
1279 3876 1339 3918 cum
1363 3875 1531 3919 sacramenta
1558 3880 1614 3920 sus
1638 3865 1785 3937 maiestatis

158 3955 228 4012 Deua
242 3957 371 4011 Aureliam
386 3956 468 4024 putris
483 3955 532 4020 tsi,
554 3965 577 4010 et
594 3953 662 4009 licus
677 3952 771 4020 lrane;
785 3969 949 4026 surgensque
999 3955 1121 4012 lidelibus
1134 3956 1252 4011 revelare
1266 3957 1389 4026 dignatus
1402 3967 1441 4011 est
1453 3954 1499 4012 :ad
1515 3972 1626 4026 quorum
1639 3958 1783 4028 perlectam

158 4062 237 4101 turano
247 4057 274 4102 et
289 4047 378 4100 debito
392 4062 452 4100 cum
469 4058 568 4115 pauore
588 4045 679 4098 laudes
694 4045 806 4099 liutuluo
821 4045 947 4112 reddens,
998 4047 1190 4119 cognitionem,
1206 4063 1266 4118 quae
1276 4059 1318 4103 cst
1330 4050 1387 4103 sola
1405 4048 1519 4103 lrominis
1532 4049 1584 4103 ulta
1599 4048 1689 4115 beata,
1710 4058 1785 4104 tarrto

159 4136 219 4190 tulit
234 4136 347 4206 lapidem
369 4136 474 4204 ipsum,
489 4146 516 4190 et
540 4135 626 4191 creuit
654 4135 680 4189 iu
704 4135 810 4190 titulum
834 4134 950 4191 lundens
1002 4148 1064 4193 lrrnc
1088 4137 1229 4192 sulrlirniua
1244 4137 1431 4201 ascendemus,
1444 4146 1543 4207 quanto
1559 4150 1629 4192 nunc
1643 4137 1784 4193 instantius

159 4227 248 4283 oleum
259 4227 387 4297 desuper.
401 4226 486 4297 liujus
508 4226 636 4296 erueloci
652 4226 781 4282 Dominus
795 4226 858 4282 lacit
871 4243 949 4282 men·
999 4231 1034 4288 de
1047 4230 1161 4287 terrenis
1173 4230 1205 4285 ad
1220 4231 1339 4287 coelestia
1360 4233 1559 4303 transmigrare,
1575 4245 1607 4287 ac
1619 4247 1667 4302 per
1685 4232 1786 4303 gradus

159 4321 271 4386 tionem,
286 4320 447 4376 etdeseac
471 4317 527 4372 suis
552 4317 684 4373 fidelibus
699 4317 840 4388 figuratum
864 4311 1127 4376 nani-lirinum
1152 4320 1281 4391 prolicere
1305 4335 1450 4390 curamus,
1478 4321 1625 4392 adjurante
1651 4321 1711 4394 ipso
1740 4325 1787 4394 uui

160 4412 302 4468 lestisslme
323 4419 446 4466 restalur.
472 4409 550 4466 Scala
572 4408 670 4480 quippo
696 4423 777 4480 quam
791 4409 878 4474 sidit,
901 4411 950 4466 Ec·
1001 4414 1132 4467 bonorum
1148 4412 1277 4468 desideria
1291 4412 1447 4479 ascendere,
1475 4414 1643 4483 prouehere,
1665 4423 1693 4473 el
1706 4428 1786 4470 coro·

159 4505 241 4561 elesia
256 4513 307 4570 est,
321 4502 487 4559 nativitatem
501 4502 535 4558 de
551 4511 633 4568 term,
650 4503 696 4558 sed
719 4505 949 4560 conversationem
1001 4515 1066 4557 nare
1077 4505 1226 4565 eoruueru,
1241 4501 1305 4558 lesu
1318 4501 1425 4559 Cirristo
1442 4501 1554 4558 [lumino
1572 4512 1675 4571 nostro,
1685 4503 1731 4574 qui
1745 4507 1788 4559 ri·

162 4594 264 4650 irnlrens
277 4595 404 4661 incoeiis,
417 4610 464 4665 per
478 4610 556 4664 quarn
578 4594 726 4651 ascendunt
740 4602 767 4648 et
786 4594 951 4651 descendunt
1000 4592 1038 4646 rit
1052 4602 1080 4648 et
1095 4600 1188 4661 regnat
1201 4607 1261 4647 cum
1287 4593 1365 4648 Patre
1385 4592 1411 4647 ln
1437 4592 1538 4648 unitate
1564 4592 1679 4663 Spiritus
1702 4594 1789 4650 sarmti

161 4684 260 4756 angeli,
270 4701 331 4740 eum
350 4685 521 4759 eranpelistae
548 4699 618 4741 nuuc
644 4685 770 4754 perlectis
782 4684 949 4759 auditoribus
1002 4683 1071 4738 Deos
1083 4699 1130 4752 per
1144 4685 1233 4738 omuia
1248 4683 1346 4738 sucula
1359 4683 1529 4738 saeculorum.
1548 4688 1633 4740 Arrren
1644 4692 1669 4741 ¹.

199 4817 273 4876 ‘Sic
293 4817 394 4875 desim
414 4816 503 4873 (iodea
530 4816 682 4888 posterior:
698 4813 812 4882 Explicit
833 4815 1002 4870 homeliarum
1012 4814 1076 4870 iiler
1090 4817 1215 4872 secundus
1234 4815 1312 4873 Beda
1330 4818 1480 4890 prntpurl,
1500 4820 1662 4876 tuernout.

1676 4967 1787 4992 ¹¹-

431 5068 578 5146 LIBER
613 5067 849 5145 TERTIUS.
877 5095 916 5109 ··
941 5066 1176 5144 uomitum
1204 5065 1531 5145 suuulutrtm.

426 5266 563 5323 tlottttts
582 5267 702 5323 ΡΙιΙΜΔ.

286 5376 313 5417 tll
331 5374 454 5416 »cultrice
473 5375 553 5414 rtlltta
572 5372 637 5413 ΜΤ
653 5373 830 5414 ῒΙΙΕΠΛῖΕΙ.

165 5451 291 5507 lucum.
299 5449 332 5503 lu
344 5446 394 5505 illo
402 5458 525 5517 tenpore,
539 5448 605 5501 distr
614 5445 691 5503 larus
701 5447 833 5514 decipulis
841 5446 895 5500 ssia
905 5461 952 5511 pe-
1039 5446 1186 5515 Purpmam
1212 5449 1277 5519 regii
1302 5448 1486 5506 halruusesse
1508 5451 1626 5508 colorem
1650 5453 1790 5509 mariniae

198 5521 312 5576 ratulrmr
324 5520 391 5572 lane
405 5531 415 5571 .·
430 5515 511 5572 ilnnu
522 5517 627 5586 puidam
640 5526 693 5573 erut
704 5516 816 5583 dissert
827 5516 951 5572 r’mluela·
1004 5519 1152 5589 couelrpiiis
1167 5520 1286 5586 tinctam,
1303 5535 1382 5577 tre-o
1393 5520 1450 5578 iere
1461 5522 1506 5591 oui
1520 5521 1632 5580 dubitet.
1645 5518 1711 5580 liam
1726 5539 1788 5581 con·

1036 5276 1082 5390 2ιέ
1098 5284 1210 5391 μιιιιιὲιιιιι
1231 5278 1256 5322 et
1269 5268 1363 5340 lusco,
1384 5277 1408 5324 et
1421 5269 1696 5340 epulolstsrqsctirlle
1712 5273 1784 5343 splen

1054 5353 1062 5388 ι
1082 5353 1105 5401 e,
1125 5353 1142 5392 e
1171 5377 1178 5391 .
